3142 4834
800 249 842 312 24

215 463 341 541 dignum
365 481 431 524 csse
455 461 504 541 qui
530 460 747 524 condemnetur
768 479 802 522 eo
822 459 1049 522 demonstratur
1071 459 1152 540 qnod
1174 478 1253 540 quae
1277 459 1335 522 sihi
1357 477 1420 540 per·

215 568 366 630 missurus
391 567 440 640 sit,
461 568 487 630 si
510 585 638 647 poenam
669 566 806 640 evaserit,
837 566 874 628 iis
897 569 1096 646 cognoscatur
1125 584 1203 647 quae
1233 566 1329 628 etiarn
1357 569 1420 646 post

215 673 318 755 populi
339 672 559 754 praeiudicium
582 671 695 734 fecerit.
734 671 856 749 Quare
880 690 950 734 cum
974 672 1071 753 priore
1094 672 1157 734 loco
1180 690 1233 752 pro
1249 671 1420 734 condicione

218 781 349 861 [tonatur
375 797 434 840 non
457 797 543 859 posse
566 796 637 840 cum
671 777 729 840 sibi
751 780 921 859 temperare
949 797 1001 860 per
1023 778 1120 859 ipsius
1142 779 1301 852 naturam,
1330 777 1421 840 altero

216 904 275 948 non
298 884 393 947 fuisse
415 902 485 946 eum
508 883 682 947 modestum
706 886 859 958 narratur,
881 903 941 947 non
965 903 1035 946 eum
1058 903 1120 947 non
1140 903 1227 965 posse
1250 883 1421 946 modestum

216 1010 290 1054 esse.
335 989 443 1070 ltaque
468 991 595 1070 utroque
618 990 681 1053 loco
704 1008 752 1052 res
775 1008 897 1071 prorsus
921 990 981 1052 alia
1004 991 1059 1053 est.

301 1096 382 1158 'lum
405 1095 495 1158 Msius
508 1098 531 1177 ¹)
554 1095 705 1177 vituperat
742 1095 822 1176 quod
843 1095 913 1158 inde
938 1114 955 1159 a
978 1097 995 1178 ξ
1016 1097 1184 1158 rae-201
1209 1114 1287 1158 nora
1310 1095 1423 1157 Midiae

217 1205 400 1282 argumenta
428 1201 612 1276 refutentur,
648 1220 725 1282 quae
755 1220 773 1265 a
805 1202 912 1266 ceteris
940 1202 1188 1284 occupationibus
1218 1203 1248 1284 (ᾗ
1272 1203 1424 1275 26-35,

218 1308 402 1390 ror-142)
434 1311 574 1388 separata
596 1307 672 1370 mire
703 1307 801 1389 posita
824 1327 890 1372 esse
913 1308 986 1372 dicit
1013 1309 1093 1371 inter
1123 1327 1192 1371 eam
1221 1311 1425 1390 partemque

218 1417 328 1495 agatur
350 1414 493 1477 derebus
514 1432 532 1476 a
548 1413 661 1477 Midiae
679 1415 943 1493 argumentatione
960 1413 1067 1477 alienis
1089 1417 1120 1478 et
1142 1433 1211 1476 eam
1227 1433 1288 1494 qua
1311 1433 1425 1477 novum

216 1521 295 1584 vitae
323 1520 388 1583 eius
414 1519 613 1582 illustrandae
644 1523 737 1601 caput
768 1520 853 1584 nohis
881 1523 1075 1601 proponatur.
1129 1520 1188 1585 Sed
1210 1520 1285 1584 haec
1310 1523 1425 1584 temere

217 1627 298 1691 dicta
322 1628 403 1688 sunt.
442 1625 582 1688 Primum
605 1626 688 1689 enim
711 1645 771 1689 non
788 1627 883 1707 liquet
904 1645 959 1689 cur
981 1628 998 1708 ξ
1016 1627 1141 1689 36--41
1166 1646 1224 1689 non
1246 1627 1324 1689 inter
1339 1645 1426 1707 prae-

217 1732 405 1813 sumptiones
429 1731 478 1795 ille
494 1734 645 1806 numeret,
668 1750 738 1794 cum
761 1731 808 1794 his
825 1750 944 1812 quoque
960 1732 1071 1795 Midiae
1088 1735 1304 1812 argumentum
1327 1732 1425 1795 refelli

217 1839 409 1920 perspicuum
433 1837 482 1900 sit.
519 1837 599 1900 Tum
621 1837 738 1901 ratione
768 1840 799 1901 et
820 1838 942 1901 consilio
966 1838 1248 1919 antcoccupationes
1271 1857 1331 1900 non
1354 1857 1424 1912 uno,

217 1945 270 2008 sed
294 1944 391 2008 trihus
416 1943 543 2006 diversis
566 1944 638 2006 locis
662 1963 727 2007 esse
751 1945 898 2007 tractatas
921 1944 1132 2025 unusquisque
1165 1943 1216 2024 qui
1246 1963 1294 2007 res
1317 1944 1424 2024 quales

216 2051 278 2114 sint
310 2050 437 2128 singulis
466 2049 538 2113 locis
568 2049 727 2130 diligenter
755 2049 993 2113 consideraverit
1019 2050 1182 2129 intelleget.
1234 2049 1309 2113 Inde
1342 2049 1423 2114 euim

222 2177 240 2219 a
263 2158 280 2238 g
305 2156 444 2231 atr-ll,
468 2156 486 2218 i.
510 2176 535 2219 3.
559 2156 666 2219 statim
688 2159 757 2238 post
778 2156 987 2219 demonstrata
1010 2175 1046 2219 ea
1069 2155 1179 2220 delicta
1201 2174 1279 2236 quae
1301 2175 1371 2219 rens
1393 2157 1424 2219 in

218 2263 457 2326 Demosthenem
480 2263 644 2342 choragum
676 2263 880 2337 commiserat,
904 2282 940 2326 ea
956 2265 1137 2343 argumenta
1159 2263 1325 2326 reiciuntur
1346 2281 1424 2343 quae

218 2368 255 2432 ad
280 2368 413 2432 facinora
436 2368 525 2449 paulo
550 2371 640 2431 antea
656 2369 797 2441 convicta,
816 2371 969 2450 spectant3
993 2387 1086 2431 causa
1109 2368 1316 2450 §141--142
1339 2388 1425 2450 prae-

217 2477 340 2556 sumpta
363 2474 401 2536 ad
425 2473 537 2538 Midiae
565 2475 598 2536 in
620 2475 694 2537 alios
718 2475 797 2538 cives
824 2474 951 2537 iniurias
974 2474 1083 2538 iudea
1106 2475 1123 2557 ᾗ
1149 2475 1333 2538 raa-140
1356 2493 1425 2538 nar-

218 2585 301 2644 ratas
318 2580 454 2662 respicit;
476 2583 544 2662 post
566 2583 662 2643 totam
679 2584 782 2645 autem
798 2581 1013 2643 Demosthenis
1036 2581 1333 2660 argumentationem
1356 2581 1424 2644 inde
1544 2621 1545 2624 =

219 2689 277 2769 ag
304 2688 364 2749 189
388 2705 423 2749 33
446 2685 618 2750 refutantur
640 2706 718 2767 quae
740 2687 867 2749 Midiam
890 2687 1015 2767 eiusque
1039 2687 1152 2750 amicos
1176 2687 1334 2750 molituros
1358 2706 1423 2751 esse

217 2793 383 2876 exspectari
405 2795 514 2875 potest,
537 2796 572 2855 ut
588 2793 741 2856 accusatio
757 2793 938 2872 infringatur
960 2796 991 2856 et
1012 2813 1108 2875 poena
1128 2793 1292 2856 imminens
1316 2795 1342 2856 si
1363 2813 1422 2856 non

218 2902 382 2974 divertatur,
414 2901 549 2962 atcerte
579 2900 791 2963 imminuatur.
837 2898 915 2962 Illud
939 2902 1043 2962 autem
1073 2898 1136 2962 Msii
1165 2899 1244 2980 quod
1268 2899 1341 2962 dicit
1369 2900 1423 2962 has

217 3007 344 3068 ultimas
366 3006 653 3086 anteoceupationes
685 3006 714 3088 (ᾗ
741 3007 801 3068 189
814 3007 938 3089 -201)
970 3006 1046 3069 mire
1076 3025 1142 3070 esse
1170 3007 1284 3087 positas
1308 3026 1341 3070 eo
1365 3025 1423 3087 quo

218 3113 359 3190 legantur
389 3112 452 3173 loco
483 3111 574 3174 inane
597 3115 652 3175 est.
703 3111 785 3174 Nam
808 3111 901 3174 etiam
930 3111 1000 3175 inde
1031 3113 1089 3193 ag
1115 3112 1173 3174 151
1201 3111 1312 3174 Midiae
1335 3131 1426 3192 argu-

218 3220 322 3282 menta
344 3216 440 3280 refelli
463 3217 550 3280 facile
572 3220 619 3280 331
641 3217 679 3280 ad
695 3217 940 3297 intellegendum,
964 3221 995 3280 31
1015 3217 1135 3281 extendi
1157 3218 1225 3280 illas
1248 3237 1425 3300 praesump-

219 3324 316 3386 tiones
350 3342 447 3404 usque
482 3323 520 3385 ad
554 3324 658 3406 §225
692 3325 797 3406 postea
832 3322 1051 3405 explanabitur.
1109 3323 1196 3402 Quod
1229 3324 1312 3387 enim
1334 3323 1425 3388 Msius

218 3429 431 3512 §aua-204
461 3447 573 3492 norum
601 3429 714 3494 Midiae
745 3429 825 3493 vitae
852 3429 1038 3493 enarrandae
1066 3433 1159 3511 caput
1189 3430 1335 3494 contineri
1366 3430 1426 3494 exi-

219 3537 335 3609 stimat,
356 3554 540 3617 magnopere
561 3539 650 3600 errat.
688 3536 835 3600 Poterant
856 3555 892 3599 ea
908 3536 1032 3617 quidem
1047 3536 1172 3619 proferri
1187 3538 1241 3600 ubi
1256 3536 1293 3600 de
1309 3536 1426 3617 reliqua

219 3642 260 3706 rei
284 3641 348 3704 vita
370 3642 519 3722 agebatur
542 3640 572 3724 (ᾗ
598 3641 798 3725 128-142),
829 3642 881 3706 sed
904 3661 958 3705 cur
978 3643 1035 3706 hoc
1057 3643 1120 3706 loco
1141 3643 1337 3706 inveniantur
1361 3642 1426 3705 eius

219 3749 263 3811 rei
286 3765 380 3811 eausa
401 3747 433 3810 in
455 3749 557 3828 aperto
581 3749 634 3809 est.
682 3746 787 3828 Neque
810 3749 891 3812 enim
914 3751 998 3812 extra
1021 3749 1242 3813 sententiarum
1265 3749 1427 3812 cohaeren-

218 3855 295 3917 tiam
322 3854 374 3917 illa
405 3854 564 3934 leguntur,
596 3853 648 3916 sed
678 3856 747 3935 apte
778 3854 983 3917 adnectuntur
1012 3855 1197 3917 accusationi
1226 3873 1287 3936 qua
1315 3854 1426 3917 Midias

223 3960 368 4042 populum
395 3960 521 4040 eiusque
548 3959 718 4022 contionem
747 3960 965 4023 criminaturus
996 3963 1042 4022 est
1071 3959 1183 4023 iudea
1211 3961 1228 4042 ξ
1254 3962 1315 4022 193
1346 3960 1395 4024 ref
1413 3995 1427 4007 -

219 4068 303 4130 tatae
326 4067 357 4129 et
380 4065 528 4148 imprimis
550 4066 588 4130 iis
612 4084 689 4148 quae
711 4067 728 4148 ᾗ
750 4066 920 4128 200-201
953 4066 989 4129 de
1012 4068 1183 4147 contempto
1206 4066 1245 4130 ab
1268 4086 1302 4129 eo
1325 4066 1424 4148 populi

308 4311 328 4379 1)
347 4310 376 4364 L.
395 4309 412 4363 l.
431 4329 456 4380 p.
475 4311 587 4366 40-45.

394 4668 681 4800 ΩΔ
