3142 4834
730 229 771 290 53

144 459 311 504 commune
342 439 465 503 habent.
480 442 503 523 1)
555 440 637 504 Nam
670 440 707 504 iis
735 459 862 520 gravem
889 439 1091 503 contumeliae
1119 438 1357 502 Atheniensibus

144 547 251 610 illatae
274 559 404 627 poenam
427 546 632 610 commendari
656 565 747 629 snpra
770 545 966 610 ostendimus.
1012 545 1096 623 Quae
1120 544 1199 608 duae
1222 545 1356 622 diuersae

143 656 249 734 partes
269 652 324 714 ubi
345 653 498 734 propriam
521 653 579 716 sibi
596 652 700 716 sedern
722 652 869 734 recipiant
884 651 1013 715 dubium
1036 670 1102 715 esse
1124 651 1240 732 nequit.
1274 650 1357 713 Nam

142 758 285 839 exempla
307 757 474 839 impietatis
497 759 622 840 punitae
647 759 676 842 (ἓ
703 759 812 821 175-
825 758 900 840 181)
935 757 962 822 ei
985 757 1077 838 capiti
1099 756 1261 822 tribuenda
1284 758 1357 819 sunt

145 883 206 946 quo
241 866 392 928 oratorem
417 863 453 927 de
481 850 631 946 ἀσεβείας
657 882 754 946 poena
783 862 938 927 dicturum
968 862 1061 926 luisse
1093 881 1185 944 supra
1214 862 1355 937 vidimus,

146 989 247 1051 neque
268 970 372 1033 minus
395 971 513 1034 clarum
540 974 587 1034 est
608 970 724 1051 reliqua
747 970 775 1051 (ᾗ
800 969 984 1052 182-183)
1013 988 1085 1032 6616
1113 956 1231 1053 ὕβρεως
1259 985 1356 1052 poena

147 1075 361 1156 coniungenda
391 1095 466 1140 esse.
517 1075 598 1140 Nam
627 1077 765 1158 exempla
795 1093 872 1156 quae
899 1074 1094 1157 preferuntur
1122 1068 1284 1152 ἐνδείξεως
1305 1092 1356 1155 pe·

149 1182 259 1246 cuniae
282 1182 397 1259 aerario
420 1180 540 1245 debitae
573 1185 603 1246 et
631 1177 754 1268 γραφῆς
781 1171 976 1265 παρανόμων
1005 1180 1161 1262 publicam
1189 1179 1292 1262 populi
1312 1179 1358 1242 in-

147 1288 262 1351 iuriam
284 1288 449 1352 continent.
494 1287 591 1351 Simul
615 1290 720 1352 antem
749 1287 797 1350 his
820 1286 940 1350 duabus
962 1287 1101 1368 partibus
1131 1285 1264 1350 maxime
1287 1305 1357 1349 eon-

146 1395 292 1456 firmatur
314 1392 395 1474 quod
418 1412 510 1476 supra
532 1392 572 1475 (p.
597 1394 652 1477 41)
676 1413 711 1457 ex
733 1393 799 1476 ipsa
822 1411 925 1457 rernm
948 1395 1059 1456 natura
1078 1393 1267 1473 collegimus,
1289 1409 1356 1454 ora-

144 1503 246 1563 torem
267 1518 330 1562 non
353 1500 451 1563 solum
474 1499 640 1581 prodidisse
657 1499 730 1580 quid
754 1499 790 1564 de
805 1499 970 1562 insolentia
992 1517 1054 1580 qua
1075 1498 1107 1561 in
1129 1498 1230 1580 ipsum
1245 1497 1357 1562 Midias

145 1625 223 1669 usus
247 1609 314 1668 erat
335 1604 518 1670 vindicanda
541 1606 683 1682 sentiret,
715 1605 885 1669 sedetiam
908 1604 1056 1686 quomodo
1082 1605 1114 1667 in
1136 1604 1356 1668 contumeliam

150 1731 169 1775 a
192 1730 243 1775 ree
266 1711 502 1774 Atheniensibus
531 1711 650 1775 illatam
678 1711 803 1792 eiusque
832 1711 1024 1793 impietatem
1052 1710 1356 1774 animaduertendum

147 1820 230 1881 esset
253 1817 408 1880 declarare
430 1816 570 1880 voluisse.
615 1817 724 1898 Itaque
749 1837 821 1882 eum
843 1835 937 1898 supra
960 1815 1094 1879 dubitari
1115 1816 1165 1878 rix
1195 1835 1282 1898 posse
1304 1835 1355 1880 au·

146 1922 312 1986 diverimus
337 1922 412 2003 quin
435 1921 669 1998 Demosthenes,
698 1923 723 1986 si
747 1923 914 1986 orationem
936 1921 1111 2004 perfecisset
1140 1925 1231 2003 atque
1246 1941 1358 2014 perpo-

143 2029 315 2111 polivisset‚
346 2046 546 2110 quaeeunque
568 2027 605 2092 de
628 2047 724 2110 poena
747 2028 859 2092 Midiae
889 2026 1018 2092 dicenda
1049 2031 1151 2092 essent
1180 2045 1243 2091 una
1270 2029 1357 2110 parte

146 2135 420 2217 comprehensurus
442 2134 548 2211 fuerit,
577 2135 679 2198 661616
701 2135 909 2216 §175-183
933 2135 1051 2217 prolata
1072 2134 1116 2196 illi
1137 2134 1217 2216 parti
1240 2151 1358 2216 quaea

146 2241 163 2323 ξ
180 2242 221 2303 42
246 2241 353 2323 incipit
373 2240 536 2305 tribuenda
557 2241 652 2304 161666
668 2243 908 2305 consentaneum
930 2243 985 2304 est.
1025 2238 1170 2304 Ceterum
1185 2239 1245 2304 nisi
1263 2239 1355 2304 verba

144 2343 201 2408 661
216 2335 347 2422 τούτους
367 2341 427 2427 μὲν
452 2336 538 2409 ἐάσω
563 2346 776 2430 (11816111.)
801 2347 839 2410 ab
856 2365 889 2410 66
907 2345 1010 2410 addita
1034 2365 1100 2410 6666
1123 2345 1278 2410 existimas
1301 2344 1353 2427 qui

235 2611 254 2678 ¹)
273 2609 393 2669 Blassius
412 2609 491 2678 §182
510 2603 581 2678 doceis
599 2603 632 2673 δ’,
651 2597 674 2661 ὦ
692 2604 786 2681 ἄνδρες
800 2603 943 2676 Ἀθηναῖοι
962 2641 995 2650 -
1015 2609 1066 2664 183
1085 2605 1279 2681 διαπράττεται
1297 2625 1358 2663 sen·

146 2699 292 2752 tentiarum
316 2698 510 2752 cohaerentiam
534 2699 725 2768 interrumpere
757 2699 897 2753 contendit.
942 2699 1135 2752 Offendendunr
1158 2715 1220 2752 sane
1245 2701 1286 2752 est
1307 2699 1358 2752 hoo

142 2787 209 2854 loce,
228 2786 275 2840 sed
294 2802 374 2840 66666
392 2787 545 2840 offensionis
563 2786 616 2840 alia
634 2790 681 2842 est.
717 2787 811 2856 Neque
836 2788 907 2840 enim
930 2786 985 2841 illis
1003 2787 1092 2842 verbis
1110 2803 1199 2840 rerum
1217 2789 1357 2842 contextus

143 2875 273 2943 turbatur,
293 2891 355 2927 eum
372 2875 417 2928 hie
436 2875 468 2928 de
487 2875 621 2930 similibus
638 2876 717 2930 rebus
736 2876 872 2944 similique
891 2877 967 2930 medo
986 2877 1065 2944 atque
1085 2877 1161 2930 66166
1173 2876 1291 2943 dicatru·;
1311 2876 1358 2930 sed

145 2963 213 3018 ratio
232 2979 286 3031 qua
303 2963 336 3016 ab
355 2962 389 3016 iis
409 2979 476 3031 quae
494 2965 655 3031 praecedunt
679 2965 713 3018 ad
736 2964 784 3018 illa
807 2964 935 3018 1166611111·
953 2963 1093 3018 offensioni
1112 2966 1165 3032 est3
1190 2981 1252 3018 6616
1270 2964 1358 3018 vorbis

146 3046 219 3120 ipsis
238 3049 267 3104 δὲ
285 3072 306 3102 ιι.
321 3070 344 3102 τ.
358 3049 380 3102 t.
400 3051 450 3104 hoo
469 3051 621 3120 exemplum
640 3052 679 3106 sic
692 3053 848 3106 adiunctum
861 3055 901 3106 661
913 3052 1078 3106 antecedenti
1091 3053 1168 3121 quasi
1181 3053 1356 3106 Athenienses

143 3141 176 3194 ab
195 3139 256 3194 aliis
274 3139 427 3194 horninibus
445 3142 522 3194 antea
540 3141 751 3194 commemoratis
774 3141 985 3210 distinguantur,
1011 3157 1073 3194 enm
1098 3140 1130 3193 de
1154 3141 1251 3194 iisdem
1274 3142 1358 3194 Athe-

146 3228 285 3282 niensibus
303 3227 341 3281 ibi
360 3230 506 3296 exponatur
525 3229 568 3297 (ef.
581 3231 595 3297 ξ
610 3229 660 3282 182
680 3223 746 3280 atta
762 3227 876 3300 Πύρραν,
896 3215 1025 3300 ὦάνδρεε
1040 3222 1192 3294 Ἀθηναῖοι,
1211 3223 1260 3281 τὸν
1272 3223 1357 3282 Ἐτεα-

143 3313 291 3384 βουτάδην,
312 3315 487 3385 ἐνδειχθέντα
503 3314 621 3380 δικάζειν
638 3311 782 3388 ὀφείλοντα
799 3317 839 3384 τῷ
863 3316 985 3386 δημοσίῳ
1002 3313 1120 3384 θανάτῳ
1139 3318 1274 3386 ζημιῶσαί
1288 3339 1359 3374 τινες

143 3399 219 3473 ὑμῶν
236 3397 323 3471 ᾤοντο
338 3405 438 3476 χρῆναι
454 3403 569 3474 661).
604 3405 633 3459 si
652 3405 699 3460 illa
716 3407 797 3460 verba
814 3407 864 3460 hoc
882 3406 939 3460 loeo
958 3406 1078 3460 eiciendo
1096 3409 1166 3475 sunt,
1190 3408 1237 3461 aut
1255 3423 1289 3460 ex
1307 3407 1358 3461 alio

143 3493 201 3548 loeo
214 3493 268 3546 hue
286 3492 353 3546 falso
371 3492 498 3547 translata
515 3497 562 3547 aut
579 3493 612 3548 ab
630 3494 814 3562 interpolatore
832 3495 922 3548 addita
941 3511 972 3548 ea
990 3511 1047 3548 esse
1059 3496 1207 3563 putandum
1226 3496 1273 3550 est.
1306 3495 1358 3548 Sed

144 3582 221 3650 prins
240 3580 386 3634 verisimile
404 3598 456 3634 non
475 3583 529 3650 est,
554 3599 615 3635 66111
639 3599 724 3650 neque
743 3583 831 3637 simile
850 3583 996 3652 quidquam
1014 3583 1166 3636 inveniatur
1184 3584 1212 3635 in
1230 3583 1281 3636 hae
1300 3599 1357 3636 616-

143 3670 215 3724 11666
236 3685 319 3738 nequc
338 3669 390 3723 6116
408 3669 490 3722 huius
509 3670 633 3724 orationis
657 3670 714 3725 loeo
732 3671 923 3725 Demosthenes
947 3672 1013 3725 haee
1040 3670 1161 3739 exempla
1179 3672 1293 3739 proferre
1311 3687 1357 3739 po-

144 3758 233 3812 tuerit.
270 3757 391 3810 Alterum
415 3775 467 3812 666
490 3758 575 3826 magis
599 3759 732 3826 probabile
762 3763 816 3828 est,
844 3777 906 3814 cum
928 3777 961 3814 ne
985 3758 1155 3828 interpolator
1177 3759 1285 3828 quidem
1303 3761 1358 3812 tam

145 3847 234 3915 inepte
252 3847 286 3900 ad
304 3847 354 3900 hoc
372 3845 524 3914 exemplum
548 3847 693 3901 orationem
716 3849 886 3902 traductruus
909 3849 1004 3916 fucrit,
1028 3849 1098 3917 «quod
1121 3847 1278 3901 facillimum
1302 3851 1358 3900 erat

146 3937 207 4004 apte
222 3951 284 3988 cunr
297 3935 477 4002 superioribus
491 3935 657 4004 coniungere.
687 3937 750 3991 Tota
768 3937 876 3991 offensio
895 3936 1004 4004 tollitur,
1024 3936 1048 3989 si
1060 3937 1120 3989 ante
1132 3936 1179 3989 illa
1191 3935 1271 3988 verba
1284 3935 1357 3989 aliud

143 4023 298 4090 exemplum
317 4023 449 4076 excidisse
467 4023 619 4092 6161611666,
638 4041 690 4093 quo
708 4026 741 4079 de
753 4025 870 4094 antiquis
881 4025 1088 4078 Atheniensibus
1107 4026 1228 4092 ageretur
1246 4023 1286 4076 sie
1302 4025 1356 4077 fere

142 4111 288 4180 incipiens:
307 4107 387 4179 iptio·
399 4115 450 4179 μὲν
468 4110 495 4162 αἱ
510 4108 656 4183 πρόγονοι.
674 4154 678 4163 .
694 4154 718 4164 ..
738 4113 779 4167 116
797 4113 844 4168 1116
862 4129 929 4182 quae
948 4113 1112 4166 desideratrn·
1135 4111 1263 4179 oppositio
1283 4113 1357 4166 adest

142 4201 170 4253 et
187 4200 216 4251 in
234 4202 358 4268 promptu
375 4204 414 4252 cst
426 4199 517 4253 videre
536 4217 616 4270 quarn
633 4201 711 4255 facile
729 4201 831 4255 librarii
851 4201 922 4256 oculi
934 4219 950 4256 6
962 4201 1047 4269 priore
1068 4194 1139 4269 ὑμῶν
1159 4201 1192 4254 ad
1209 4199 1353 4268 insequens

142 4283 214 4357 ὑμεῖς
232 4288 352 4342 aberrare
370 4287 511 4356 potuerint.
