3142 4834
751 259 792 320 13

168 470 197 553 (ξ
221 471 376 554 42-59),
398 471 435 535 de
457 469 667 550 magnitudine
689 473 883 552 peccatorum
904 471 937 534 in
956 470 1038 534 diem
1059 470 1174 534 festum
1196 472 1373 536 commisso·

167 597 242 641 rum
274 576 304 659 (ἓ
328 577 480 661 51-761,
512 575 548 639 de
570 575 800 639 inimicitiarum
822 577 901 640 inter
923 577 1163 640 Demosthenem
1193 580 1224 641 11
1246 576 1374 641 Midiam
1406 645 1408 650 ,

167 683 285 764 origine
316 683 346 766 (ἓ
371 684 460 746 77-
473 683 547 766 127)
583 682 691 762 agitur.
745 682 863 761 Quibus
893 683 1022 764 peractis
1045 683 1170 747 tandem
1199 682 1216 765 ἓ
1241 683 1303 747 128
1335 683 1374 748 ad

168 807 221 852 cas
257 806 336 871 quae
359 807 378 852 a
399 788 495 851 Midia
517 788 585 851 aliis
607 788 710 852 illatae
733 787 794 851 sint
822 787 948 852 iniurias
972 788 1120 852 transitur
1142 789 1242 852 verbis
1264 783 1293 851 εἰ
1315 785 1375 870 μὲν

170 890 284 973 τοίνυν,
314 878 341 957 ὦ
369 879 480 979 δίνδρες
499 880 685 979 Ἀθηναῖοι,
722 884 873 980 σώφρονα
907 891 963 957 καὶ
999 891 1129 979 μέτριον
1163 884 1246 978 πρὸς
1273 881 1374 958 τῖίλλα

168 990 378 1086 παρεσχηκὼς
400 988 494 1062 αὑτὸν
517 992 661 1074 Μειδίας
681 997 802 1084 μηδένα
822 996 886 1061 τῶν
914 985 1018 1062 ἷίλλων
1042 996 1187 1063 πολιτῶν
1215 987 1375 1088 ἦδικηιώς

167 1100 214 1182 είς
244 1102 302 1187 ἐμὲ
329 1096 426 1187 μόνον
454 1091 590 1191 ἀσελγὴς
620 1093 702 1168 οὕτω
729 1101 784 1167 καὶ
813 1099 921 1187 βίαιος
950 1095 1086 1190 ἐγεγόνει
1107 1127 1137 1168 a.
1153 1128 1181 1168 τ.
1198 1105 1226 1169 λ.
1273 1106 1374 1186 Quam

167 1212 392 1277 sententiarum
414 1211 695 1293 coniungendamm
718 1211 881 1287 rationem,
910 1212 1051 1293 quamvis
1079 1231 1134 1294 per
1163 1231 1195 1276 se
1213 1213 1374 1277 'laudanda

167 1320 216 1396 sit,
239 1322 344 1383 tamen
366 1319 422 1383 hoc
436 1319 504 1382 loco
516 1318 674 1400 displicere
687 1317 735 1381 illi
746 1318 770 1400 ¹)
792 1317 957 1392 affirmant,
980 1318 1060 1399 quod
1084 1319 1155 1382 talis
1171 1321 1372 1400 transgressio

166 1444 228 1488 non
249 1425 314 1488 iam
337 1427 527 1506 exspectetur
555 1426 586 1488 et
616 1423 696 1506 quod
730 1423 773 1487 sic
795 1425 948 1505 consripta
977 1425 1019 1488 sit
1047 1427 1083 1488 ut
1105 1444 1143 1489 ne
1165 1443 1225 1489 uno
1249 1426 1372 1508 quidem

165 1533 256 1596 verbo
277 1531 341 1594 iam
363 1533 455 1595 11111
477 1549 546 1595 eam
568 1549 633 1594 rem
654 1532 770 1594 tactam
793 1548 859 1594 1111
879 1529 1074 1610 significetur.
1121 1530 1182 1595 Sed
1204 1532 1236 1595 in
1258 1534 1316 1594 hac
1339 1551 1372 1596 re

163 1638 208 1700 illi
230 1637 308 1700 mihi
330 1637 417 1700 nimii
434 1637 576 1700 videntur
598 1655 672 1700 1111.
719 1634 780 1700 Cur
795 1637 877 1699 enim
892 1639 993 1699 orator
1008 1655 1246 1702 commemorare
1261 1638 1372 1702 debeat

164 1744 227 1807 iam
250 1745 343 1807 11111
366 1762 398 1806 11
421 1743 485 1807 eius
508 1743 551 1806 rei
580 1742 766 1806 mentionem
786 1741 893 1805 fecisse
921 1743 1116 1824 perspicuum
1138 1747 1276 1818 nonest,
1299 1745 1373 1826 quin

164 1851 260 1914 etiam
282 1848 464 1930 languidum
485 1848 625 1912 futurum
647 1867 713 1912 1111
741 1847 896 1923 existimo,
927 1848 954 1912 si
976 1849 1160 1912 oratoriam
1182 1849 1229 1914 bis
1253 1869 1285 1914 11
1306 1869 1373 1932 pro-

165 1954 287 2019 misisse
309 1955 388 2018 hanc
411 1955 636 2018 enarrationem
658 1955 715 2017 hoc
737 1954 802 2017 loco
825 1953 946 2018 diceret.
993 1953 1094 2033 Quare
1110 1955 1250 2036 equidem
1269 1955 1301 2019 in
1315 1956 1373 2020 hcc

163 2062 296 2126 transitu
317 2079 441 2143 prorsus
463 2059 676 2136 offendendum
703 2078 766 2123 uon
795 2078 861 2124 esse
890 2078 1013 2134 censeo,
1035 2061 1214 2142 praesertim
1238 2080 1319 2137 cum,
1343 2063 1369 2124 si

163 2151 215 2250 per
238 2187 271 2234 se
294 2169 454 2250 spectetur,
478 2166 611 2248 optimus
634 2165 788 2246 citatque
811 2165 1040 2247 pulcherrimus.

251 2273 385 2338 Maxime
408 2291 477 2337 vero
498 2272 608 2335 nititur
623 2271 883 2353 Wachendorfii2)
908 2273 1060 2336 sententia
1083 2291 1119 2336 11
1141 2291 1173 2336 re
1196 2273 1373 2355 111111111-

167 2398 328 2461 nunquam
340 2379 372 2442 in
387 2379 445 2442 hac
461 2379 596 2442 oratione
611 2377 736 2442 eaedem
751 2395 799 2440 res
815 2378 862 2441 bis
875 2380 1054 2454 tractantur,
1070 2379 1154 2442 velut
1169 2379 1186 2460 ξ
1199 2381 1371 2442 208-212

120 2491 123 2499 '
168 2485 404 2560 11213-218,
427 2485 444 2567 ᾗ
468 2485 509 2548 99
534 2487 565 2548 11
588 2484 769 2558 186-188,
792 2483 809 2566 ξ
833 2484 893 2547 191
919 2485 1155 2548 11184--185,
1201 2485 1374 2564 111111111-

167 2591 299 2656 rundem
321 2609 424 2654 rerum
450 2589 660 2672 repetitionem
689 2609 723 2654 eo
746 2590 886 2671 explicari
913 2593 1003 2672 putat
1031 2591 1112 2672 quod
1135 2591 1245 2655 alteros
1269 2611 1373 2656 eorum

166 2699 301 2762 locorum
324 2717 360 2762 ex
382 2698 479 2760 111111
501 2697 635 2760 oratione
665 2695 857 2777 depromptos
887 2715 953 2760 esse
982 2696 1064 2760 dicit.
1111 2695 1197 2775 Quod
1228 2698 1287 2762 nisi
1308 2699 1372 2763 lieri

167 2823 228 2867 non
249 2795 384 2886 potuisse
406 2802 480 2884 ipsis
503 2802 628 2866 oratoris
651 2803 751 2866 verbis
773 2802 978 2866 demonstrari
1000 2805 1110 2884 posset,
1140 2821 1234 2867 causa
1257 2805 1372 2885 gravis-

166 2912 246 2974 sima
268 2909 308 2972 ad
322 2907 550 2972 Wachendorfii
565 2907 747 2972 sententiam
770 2907 1010 2972 confirmandam
1035 2927 1100 2972 1111
1117 2909 1277 2974 videretur.
1313 2909 1372 2974 Sed

167 3017 194 3080 si
225 3015 365 3095 singulos
397 3015 478 3078 locos
512 3013 811 3096 perlustraremus,
848 3014 936 3077 illum
966 3015 1054 3078 valde
1083 3033 1183 3079 enare
1212 3033 1372 3096 cognosce-

166 3141 247 3186 mus.
277 3120 367 3197 Nam,
390 3120 478 3184 uide
494 3119 622 3200 singulis
636 3120 697 3184 illis
713 3120 785 3183 locis
802 3119 979 3200 singillatim
995 3139 1095 3204 agam,
1119 3124 1150 3185 11
1164 3120 1182 3203 ἓ
1198 3122 1369 3185 208-212

168 3228 231 3310 et§
248 3227 422 3290 ala-218
446 3226 485 3290 ad
508 3225 676 3290 orationem
697 3225 887 3289 iudiciariam
909 3225 1057 3307 pertinere
1080 3245 1115 3290 er
1137 3226 1210 3309 ipsis
1237 3231 1370 3309 apparet.

166 3334 213 3398 De
234 3332 333 3416 priore
356 3331 505 3414 particula
527 3331 663 3395 conferas
685 3330 816 3413 velim'§
839 3332 901 3394 209
925 3331 1017 3395 verba
1041 3319 1242 3413 ἐνθυμεῖσθ’,
1267 3317 1293 3395 ὦ
1315 3319 1370 3396 δίν-

167 3437 239 3524 δρες
260 3432 422 3516 δικασταί,
446 3430 475 3500 εἰ
497 3432 646 3520 γένοιντο,
676 3420 759 3522 ‘opp
781 3433 904 3520 γένοιτο
928 3422 994 3500 οὐδ’
1019 3431 1119 3515 ἔσται,
1150 3418 1237 3501 οὗτοι
1267 3428 1370 3522 κύριοι

166 3541 222 3632 της
244 3538 414 3619 πολιτείας
433 3532 515 3625 μετὰ
538 3537 680 3606 Μειδίου
701 3539 757 3604 καί
779 3538 842 3605 τῶν
863 3531 982 3624 ὁμοίων
1010 3533 1112 3627 τοίσιμ
1134 3538 1191 3606 καί
1213 3566 1263 3620 τις
1284 3532 1372 3626 ὑμῶν

167 3646 229 3714 τῶν
250 3645 382 3712 πολλῶν
402 3647 459 3711 καί
481 3645 662 3735 δημοτικῶν
690 3635 875 3733 ἀνθρώπων
903 3636 1053 3734 ἁμαρτών
1080 3641 1127 3725 ε’ίς
1148 3672 1220 3712 τινα
1242 3640 1370 3729 τούτων,

167 3746 209 3844 μη
230 3741 361 3818 τοιαῦθ)
385 3743 439 3818 οἷα
462 3749 606 3830 Μειδίας
626 3748 672 3830 εἰς
694 3750 761 3835 ἐμέ,
785 3741 854 3816 ἄλλ)
877 3743 982 3818 ὁτιοῦν
996 3740 1083 3833 illo,
1106 3749 1153 3832 είς
1168 3747 1372 3842 δικαστήριον

169 3856 264 3926 εἰσίοι
293 3857 545 3946 πεπληρωμένον
575 3857 612 3923 ἐκ
633 3850 768 3938 τούτων,
797 3854 884 3936 τίνος
912 3851 1095 3948 συγγνώμης
1123 3848 1250 3948 ἢτίυος
1277 3849 1372 3947 λόγου

168 3970 269 4049 τυχεῖν
298 3953 337 4030 δν
367 3959 479 4030 οἴεσθε
486 3994 495 4045 ,·
527 3969 557 4031 11
584 3967 601 4048 ἓ
624 3968 686 4030 211
716 3953 807 4030 οὐδὲν
835 3957 937 4029 δεινὸν
967 3954 1033 4030 οὐδ’
1065 3958 1198 4032 ἐλεεινὸν
1229 3964 1373 4045 Μειδίας

255 4233 275 4303 ¹)
293 4231 473 4285 Wachendori
487 4230 505 4284 l.
524 4230 541 4285 l.
560 4249 584 4299 p.
604 4233 634 4297 53
653 4249 704 4286 van
723 4231 772 4284 deu
793 4231 826 4284 ils
843 4231 861 4286 l.
879 4230 896 4286 l.
916 4249 940 4298 p.
960 4231 1072 4286 32-33.

254 4319 446 4388 pulpa
