3142 4834
759 221 799 282 23

676 311 885 318 m

169 423 208 496 τὸ
231 429 332 518 μηδὲν
354 417 395 494 δίν
418 417 512 494 αίτὸν
534 428 570 510 ἐξ
592 427 769 518 ἐπιδρομῆς
792 433 925 509 παθεῖν,
957 427 1029 493 ε’πεί
1051 426 1271 514 περιαιρεθεὶς
1294 452 1385 506 οοτος

168 529 211 602 τὰ
236 524 312 600 ὄντα
333 530 413 614 ἴσως
433 533 493 618 μὲν
509 524 565 600 oda
587 523 626 600 δν
642 526 773 623 ίβρίζοι,
798 531 826 600 εἰ
850 525 879 600 δ’
895 523 966 622 δρα,
992 526 1159 611 ἐλάττονος
1180 520 1270 614 άξιος
1293 529 1384 599 ἔσται

167 641 228 708 τοῦ
250 633 446 729 μικροτάτου
468 631 546 728 παρ’
569 631 657 724 ὑμῖν·
687 634 790 730 μάτην
813 633 871 728 γάρ
894 633 1115 729 λοιδορήσεται
1143 639 1199 704 καὶ
1220 631 1383 728 βοήσεται,

168 744 264 835 δίκην
293 736 332 828 δ’,
363 735 403 812 ἷίν
432 735 601 835 ἀσελγαίνῃ
629 772 671 828 τι,
701 751 771 826 τοῖς
800 735 909 825 άλλοις
936 738 1011 835 ἡμῖν
1040 745 1076 826 ἐξ
1103 740 1176 811 ἰ’σοο
1204 737 1311 811 δώσει.
1343 785 1383 794 -

168 857 186 939 ᾖ
204 857 268 918 152
294 844 357 939 ε’γώ
372 850 409 917 δὲ
431 851 561 940 πρῶτον
582 852 642 936 μὲν
665 843 755 919 οἰδὲν
777 842 901 939 ἀγεννὲς
922 844 1009 936 ὑμῶν
1030 843 1290 938 καταγιγνώσκω,
1316 840 1381 917 οὐδ

169 951 392 1043 ὑπολαμβάνω
420 950 565 1047 τιμήσειν
593 948 718 1037 οὐδενὸς
747 951 914 1037 ε’λάττονος
943 950 1045 1045 τοίτιγ
1075 945 1095 1046 ἢ
1126 948 1200 1022 ὅσον
1226 957 1385 1036 καταθείς

170 1047 262 1144 οὗτος
286 1056 447 1130 παίσεται
468 1063 524 1154 τῆς
545 1055 681 1152 ὕβρεως·
709 1063 803 1130 τοῦτο
825 1053 855 1129 δ
879 1062 949 1130 ἐστὶ
977 1057 1120 1147 μάλιστα
1148 1061 1207 1146 μὲν
1229 1055 1382 1143 θάνατος,

168 1169 258 1236 εἰδὲ
288 1163 342 1259 μή,
372 1163 480 1236 πάντα
508 1163 548 1236 τὰ
577 1159 652 1236 λίνεα
680 1160 875 1260 ἀφελέσθαι.
926 1173 1027 1256 §211
1067 1157 1158 1236 οὗδὲν
1187 1161 1288 1235 δεινὸν
1316 1158 1382 1234 οὐδ’

168 1269 305 1342 ε’λεεινὸν
340 1272 480 1364 Μειδίας
509 1274 667 1358 πείσεται,
697 1265 736 1342 δν
763 1271 820 1342 tta
849 1269 1003 1365 κτήσηται
1025 1280 1094 1354 τοῖς
1123 1276 1260 1354 πολλοῖς
1287 1266 1382 1359 ὑμῶν,

168 1369 223 1461 οἷς
245 1381 299 1448 νῦν
326 1374 446 1469 ὑβρίζει
474 1382 530 1447 καὶ
560 1375 708 1466 πτωχοὺς
736 1372 907 1462 ἀποκαλεῖ,
938 1367 1019 1448 dds*
1044 1380 1095 1448 νῦν
1118 1370 1259 1469 περιὸντ>
1291 1370 1384 1446 αὐτὸν

167 1481 307 1576 ὑβρίζειν
337 1485 465 1575 ἐπαίρει
495 1487 698 1578 περιαιρεδῇ.
753 1491 813 1556 Sed
836 1511 895 1555 non
927 1491 1033 1556 eadem
1063 1491 1111 1554 his
1140 1491 1214 1554 locis
1241 1491 1383 1573 usurpari
1470 1493 1472 1498 ’

167 1599 260 1662 verba
285 1598 323 1661 de
346 1597 459 1660 Midiae
482 1597 593 1662 divitiis
623 1600 654 1661 et
683 1598 717 1660 iu
745 1601 812 1660 tam
834 1597 951 1662 diverso
980 1616 1083 1660 rerum
1112 1599 1255 1661 contextu
1277 1615 1383 1661 earum

170 1705 358 1768 mentionem
381 1703 447 1768 fieri
468 1706 503 1766 ut
526 1703 604 1766 nihil
625 1703 773 1768 inutiliter
787 1706 943 1786 repetatur
965 1703 1054 1768 facile
1075 1703 1263 1785 perspicitur.

255 1809 339 1872 Item
362 1808 453 1872 Msius
466 1811 489 1891 ¹)
525 1809 564 1872 ad
593 1827 683 1873 suam
712 1809 882 1891 opinionem
913 1809 1102 1892 probandam
1130 1808 1161 1872 id
1190 1807 1278 1872 affert
1304 1808 1383 1890 quod

169 1915 333 1978 hominum
354 1914 476 1978 vivendi
503 1915 579 1978 ratio
608 1915 727 1979 duobus
757 1915 829 1979 locis
858 1915 887 1997 (ξ
913 1915 972 1977 101
999 1917 1030 1978 et
1054 1915 1129 1999 185)
1157 1916 1249 1995 atque
1272 1914 1382 1978 iisdem

166 2021 228 2085 fere
244 2020 347 2084 verbis
369 2039 441 2083 cum
463 2039 553 2084 erano
576 2024 778 2104 comparatur.
825 2020 885 2086 Sed
907 2023 983 2084 hacc
1004 2021 1169 2085 difficultas
1184 2019 1250 2084 Esii
1264 2021 1381 2085 ratione

167 2145 227 2190 non
247 2127 370 2190 facilius
386 2127 556 2208 explicatur
570 2145 664 2208 quam
681 2128 707 2190 si
721 2126 914 2209 imperfectae
931 2127 1075 2190 orationis
1093 2126 1259 2210 particulas
1275 2127 1381 2208 quales

167 2233 206 2296 ab
224 2235 345 2297 oratore
369 2233 534 2314 separatim
558 2233 688 2315 scriptae
710 2237 741 2297 et
763 2233 885 2297 relictae
908 2236 996 2296 erant
1018 2233 1083 2298 sine
1104 2233 1306 2296 tumultuaria
1329 2233 1382 2296 illa

167 2339 285 2403 librarii
307 2357 399 2420 opera
422 2339 563 2402 collectas
587 2358 653 2404 esse
675 2342 859 2415 statuamus.
1183 2327 1193 2352 ''

255 2444 373 2508 Iniuria
395 2463 482 2527 porro
498 2445 588 2508 Esius
599 2446 623 2529 2)
648 2445 801 2509 contendit
824 2463 860 2508 ea
876 2463 953 2526 quae
969 2445 1113 2526 leguntur
1134 2444 1151 2527 ξ
1169 2445 1232 2508 186
1255 2448 1379 2526 atquae

165 2551 369 2616 inveniuntur
391 2551 408 2633 ᾖ
426 2551 487 2614 199
511 2570 573 2614 non
594 2552 626 2615 iu
649 2551 756 2615 eadem
779 2551 913 2615 oratione
935 2551 1036 2615 iocum
1058 2551 1171 2615 habere
1188 2570 1283 2633 posse,
1307 2570 1378 2615 cum

166 2659 256 2740 plane
284 2657 366 2721 inter
395 2676 427 2721 so
450 2657 601 2721 contraria
625 2657 695 2721 sint.
744 2657 852 2722 Dicere
875 2657 967 2731 enim,
998 2657 1050 2732 ait,
1079 2659 1229 2721 oratorem
1262 2657 1279 2740 ξ
1304 2658 1377 2734 186,

165 2767 332 2846 postquam
348 2762 476 2826 Midiam
497 2779 569 2827 cum
590 2764 692 2827 liberis
707 2764 949 2828 lamentaturnm
971 2782 1037 2827 esse
1052 2763 1219 2845 pmtulerit‚
1242 2763 1379 2828 nonnihil

166 2871 203 2934 da
235 2868 398 2934 severitate
429 2888 543 2951 poenae
574 2870 691 2934 remitti
719 2870 824 2944 licere,
856 2870 882 2934 si
913 2869 1024 2933 Midias
1047 2887 1208 2951 nunquam
1230 2870 1377 2946 modeste,

166 2995 289 3058 semper
310 2975 439 3057 superbe
470 2995 502 3040 se
527 2976 668 3056 gesserit;
697 2978 801 3058 postea
829 2979 933 3039 autem
956 2976 972 3058 ξ
997 2976 1059 3039 199
1089 2994 1160 3040 eom
1190 2977 1377 3040 econtrario

167 3083 322 3146 affirmare
345 3081 474 3146 Midiam
490 3082 751 3164 comprimendum
767 3101 841 3158 esse,
865 3082 945 3163 quod
967 3083 1050 3145 cmm
1072 3088 1206 3165 tempore
1229 3083 1376 3165 superbus

168 3189 267 3252 inerit.
321 3187 409 3265 Quod
435 3187 530 3268 igitur
559 3188 656 3270 priore
685 3189 748 3252 loco
781 3191 929 3270 proponat
957 3190 993 3251 ut
1020 3187 1222 3252 excusationis
1250 3193 1379 3253 oausam

169 3293 248 3357 idem
272 3294 367 3357 altero
397 3293 460 3357 loco
483 3313 549 3358 esse
579 3312 706 3357 causam
734 3293 914 3357 adhortandi
942 3297 979 3357 ut
1000 3294 1111 3358 Midias
1134 3313 1228 3376 quam
1251 3296 1377 3360 severis-

168 3399 243 3462 sime
265 3399 422 3481 puniatur.
467 3397 527 3463 Sed
549 3400 605 3462 hoc
627 3419 734 3464 vorum
756 3419 817 3464 non
840 3403 895 3464 est.
946 3400 1051 3482 Neque
1073 3400 1154 3464 euim
1181 3401 1255 3464 dicit
1276 3405 1377 3466 orator

165 3505 287 3586 5186,
317 3504 343 3566 si
371 3504 483 3568 Midias
513 3524 632 3587 semper
660 3506 802 3588 superba,
830 3526 989 3588 nunquam
1017 3507 1153 3571 modeste
1184 3527 1217 3572 so
1239 3509 1376 3588 gesserit,

164 3609 282 3692 aliquid
305 3609 343 3674 de
371 3611 417 3673 ira
447 3611 561 3675 remitti
584 3612 699 3687 decere,
729 3612 790 3688 sed,
821 3612 847 3676 si
876 3613 1005 3690 Midias,
1034 3612 1114 3696 quod
1142 3615 1272 3678 naturae
1302 3633 1376 3680 suae

165 3717 350 3782 necessitate
373 3717 494 3780 omnino
516 3737 577 3782 non
596 3719 692 3801 possit
707 3718 900 3783 moderatum
923 3739 954 3783 se
969 3721 1121 3802 praebere,
1143 3720 1241 3801 priore
1257 3738 1376 3802 quoque

167 3823 228 3888 vita
259 3823 374 3905 pariter
399 3824 541 3905 petulans
571 3828 602 3888 et
631 3824 788 3890 violentus,
809 3825 915 3901 fuerit,
944 3820 1071 3906 dignum
1099 3845 1169 3890 eum
1199 3846 1264 3891 esse
1288 3827 1375 3892 cuius

169 3932 296 3994 naturae
331 3930 362 3992 ct
396 3930 468 3994 sorti
506 3930 699 4011 aliquantum
731 3930 931 4005 condonatum
970 3933 1073 4014 §199
1108 3934 1214 3996 autem
1247 3932 1375 3996 Midiam

255 4194 275 4262 ¹)
293 4193 324 4246 L.
344 4191 362 4246 l.
381 4209 406 4260 p.
425 4192 537 4247 40—41.

254 4283 275 4350 2)
294 4282 324 4335 L.
344 4279 362 4333 1.
381 4298 406 4348 p.
425 4280 537 4335 42-44.
