<?xml version="1.0" encoding="UTF-8"?>
<!DOCTYPE html PUBLIC "-//W3C//DTD XHTML 1.0 Transitional//EN"
    "http://www.w3.org/TR/xhtml1/DTD/xhtml1-transitional.dtd">
<html xmlns="http://www.w3.org/1999/xhtml" xml:lang="en" lang="en">
 <head>
  <title>
</title>
<meta http-equiv="Content-Type" content="text/html;charset=utf-8" />
  <meta name='ocr-system' content='tesseract 3.04.00' />
  <meta name='ocr-capabilities' content='ocr_page ocr_carea ocr_par ocr_line ocrx_word'/>
</head>
<body>
  <div class='ocr_page' id='page_1' title='image "./dedemosthenismi00bastgoog_0027.png"; bbox 0 0 3142 4834; ppageno 0'>
   <div class='ocr_carea' id='block_1_1' title="bbox 805 223 845 285">
    <p class='ocr_par' dir='ltr' id='par_1_1' title="bbox 805 223 845 285">
     <span class='ocr_line' id='line_1_1' title="bbox 805 223 845 285; baseline 0.025 -1"><span class='ocrx_word' id='word_1_1' title='bbox 805 223 845 285; x_wconf 83' lang='grc'><strong><em>16</em></strong></span> 
     </span>
    </p>
   </div>
   <div class='ocr_carea' id='block_1_2' title="bbox 720 313 929 320">
    <p class='ocr_par' dir='ltr' id='par_1_2' title="bbox 720 313 929 320">
     <span class='ocr_line' id='line_1_2' title="bbox 720 313 929 320; baseline 0.005 -1"><span class='ocrx_word' id='word_1_2' title='bbox 720 313 929 320; x_wconf 82' lang='lat'>————-——-—--</span> 
     </span>
    </p>
   </div>
   <div class='ocr_carea' id='block_1_3' title="bbox 221 422 1445 1894">
    <p class='ocr_par' dir='ltr' id='par_1_3' title="bbox 221 422 1433 624">
     <span class='ocr_line' id='line_1_3' title="bbox 221 422 1433 520; baseline 0.001 -24"><span class='ocrx_word' id='word_1_3' title='bbox 221 455 313 496; x_wconf 86' lang='grc' dir='ltr'><strong><em>αυτου</em></strong></span> <span class='ocrx_word' id='word_1_4' title='bbox 337 427 396 509; x_wconf 78' lang='grc' dir='ltr'><strong><em>νῦν,</em></strong></span> <span class='ocrx_word' id='word_1_5' title='bbox 420 425 448 494; x_wconf 81' lang='grc' dir='ltr'><strong><em>εἰ</em></strong></span> <span class='ocrx_word' id='word_1_6' title='bbox 470 422 514 518; x_wconf 79' lang='grc' dir='ltr'><strong><em>μὴ</em></strong></span> <span class='ocrx_word' id='word_1_7' title='bbox 537 431 593 495; x_wconf 84' lang='grc' dir='ltr'><strong><em>καί</em></strong></span> <span class='ocrx_word' id='word_1_8' title='bbox 616 423 688 496; x_wconf 89' lang='grc' dir='ltr'><strong><em>τότε</em></strong></span> <span class='ocrx_word' id='word_1_9' title='bbox 711 429 744 494; x_wconf 83' lang='grc' dir='ltr'><strong><em>έν</em></strong></span> <span class='ocrx_word' id='word_1_10' title='bbox 765 429 812 519; x_wconf 77' lang='grc' dir='ltr'><strong><em>τῶ</em></strong></span> <span class='ocrx_word' id='word_1_11' title='bbox 834 423 925 520; x_wconf 81' lang='grc' dir='ltr'><strong><em>δήμῳ</em></strong></span> <span class='ocrx_word' id='word_1_12' title='bbox 949 430 1141 520; x_wconf 73' lang='grc' dir='ltr'><strong><em>παραχρῆμα</em></strong></span> <span class='ocrx_word' id='word_1_13' title='bbox 1164 425 1321 520; x_wconf 79' lang='grc' dir='ltr'><strong><em>έξηλεγξα.</em></strong></span> <span class='ocrx_word' id='word_1_14' title='bbox 1346 435 1363 516; x_wconf 63' lang='grc' dir='ltr'>ᾖ</span> <span class='ocrx_word' id='word_1_15' title='bbox 1389 437 1433 498; x_wconf 85' lang='grc'><strong><em>18</em></strong></span> 
     </span>
     <span class='ocr_line' id='line_1_4' title="bbox 222 523 1185 624; baseline 0 -22"><span class='ocrx_word' id='word_1_16' title='bbox 222 528 311 621; x_wconf 82' lang='grc' dir='ltr'><strong><em>όμεῖς</em></strong></span> <span class='ocrx_word' id='word_1_17' title='bbox 334 534 407 601; x_wconf 80' lang='grc' dir='ltr'><strong><em>ἐστέ</em></strong></span> <span class='ocrx_word' id='word_1_18' title='bbox 428 560 486 619; x_wconf 92' lang='grc' dir='ltr'><strong><em>μοι</em></strong></span> <span class='ocrx_word' id='word_1_19' title='bbox 511 529 673 624; x_wconf 87' lang='grc' dir='ltr'><strong><em>μάρτυρες,</em></strong></span> <span class='ocrx_word' id='word_1_20' title='bbox 698 523 724 602; x_wconf 87' lang='grc' dir='ltr'><strong><em>ῶ</em></strong></span> <span class='ocrx_word' id='word_1_21' title='bbox 747 524 857 624; x_wconf 86' lang='grc' dir='ltr'><strong><em>όίνδρες</em></strong></span> <span class='ocrx_word' id='word_1_22' title='bbox 878 535 1039 617; x_wconf 88' lang='grc' dir='ltr'><strong><em>δικασταί,</em></strong></span> <span class='ocrx_word' id='word_1_23' title='bbox 1067 561 1096 602; x_wconf 90' lang='grc' dir='ltr'><strong><em>κ.</em></strong></span> <span class='ocrx_word' id='word_1_24' title='bbox 1113 563 1140 602; x_wconf 89' lang='grc' dir='ltr'><strong><em>τ.</em></strong></span> <span class='ocrx_word' id='word_1_25' title='bbox 1157 538 1185 602; x_wconf 92' lang='grc' dir='ltr'><strong><em>λ.</em></strong></span> 
     </span>
    </p>

    <p class='ocr_par' dir='ltr' id='par_1_4' title="bbox 222 631 1436 1048">
     <span class='ocr_line' id='line_1_5' title="bbox 309 631 1435 732; baseline 0.001 -25"><span class='ocrx_word' id='word_1_26' title='bbox 309 646 355 709; x_wconf 83' lang='lat' dir='ltr'><strong><em>De</em></strong></span> <span class='ocrx_word' id='word_1_27' title='bbox 383 645 400 727; x_wconf 64' lang='grc' dir='ltr'><strong><em>ξ</em></strong></span> <span class='ocrx_word' id='word_1_28' title='bbox 424 646 551 708; x_wconf 82' lang='grc'><strong>19-22</strong></span> <span class='ocrx_word' id='word_1_29' title='bbox 581 645 618 708; x_wconf 77' lang='lat' dir='ltr'><strong><em>of.</em></strong></span> <span class='ocrx_word' id='word_1_30' title='bbox 642 646 659 728; x_wconf 66' lang='grc' dir='ltr'><strong><em>ξ</em></strong></span> <span class='ocrx_word' id='word_1_31' title='bbox 683 646 724 708; x_wconf 81' lang='lat'><strong><em>20</em></strong></span> <span class='ocrx_word' id='word_1_32' title='bbox 756 632 808 732; x_wconf 75' lang='grc' dir='ltr'><strong><em>ἐφ’</em></strong></span> <span class='ocrx_word' id='word_1_33' title='bbox 833 635 882 721; x_wconf 85' lang='grc' dir='ltr'><strong><em>οἷς</em></strong></span> <span class='ocrx_word' id='word_1_34' title='bbox 903 642 966 707; x_wconf 91' lang='grc' dir='ltr'><strong><em>τῶν</em></strong></span> <span class='ocrx_word' id='word_1_35' title='bbox 995 637 1215 709; x_wconf 68' lang='grc' dir='ltr'><strong><em>πεπονθότων</em></strong></span> <span class='ocrx_word' id='word_1_36' title='bbox 1245 639 1275 708; x_wconf 73' lang='grc' dir='ltr'><strong><em>οἳ</em></strong></span> <span class='ocrx_word' id='word_1_37' title='bbox 1297 645 1371 728; x_wconf 85' lang='grc' dir='ltr'><strong><em>μέν,</em></strong></span> <span class='ocrx_word' id='word_1_38' title='bbox 1405 631 1435 708; x_wconf 84' lang='grc' dir='ltr'><strong><em>ῶ</em></strong></span> 
     </span>
     <span class='ocr_line' id='line_1_6' title="bbox 223 737 1434 838; baseline 0.001 -25"><span class='ocrx_word' id='word_1_39' title='bbox 223 737 334 833; x_wconf 82' lang='grc' dir='ltr'><strong><em>άνδρες</em></strong></span> <span class='ocrx_word' id='word_1_40' title='bbox 355 745 518 827; x_wconf 87' lang='grc' dir='ltr'><strong><em>δικασταί,</em></strong></span> <span class='ocrx_word' id='word_1_41' title='bbox 538 798 546 813; x_wconf 91' lang='grc'><strong><em>.</em></strong></span> <span class='ocrx_word' id='word_1_42' title='bbox 564 800 571 812; x_wconf 93' lang='grc'><strong><em>.</em></strong></span> <span class='ocrx_word' id='word_1_43' title='bbox 589 799 622 812; x_wconf 92' lang='grc'><strong><em>..</em></strong></span> <span class='ocrx_word' id='word_1_44' title='bbox 645 739 775 836; x_wconf 79' lang='grc' dir='ltr'><strong><em>ἡσυχίαν</em></strong></span> <span class='ocrx_word' id='word_1_45' title='bbox 798 744 889 830; x_wconf 81' lang='grc' dir='ltr'><strong><em>έσχον</em></strong></span> <span class='ocrx_word' id='word_1_46' title='bbox 905 799 912 813; x_wconf 94' lang='grc'><strong><em>.</em></strong></span> <span class='ocrx_word' id='word_1_47' title='bbox 931 799 938 814; x_wconf 95' lang='grc'><strong><em>.</em></strong></span> <span class='ocrx_word' id='word_1_48' title='bbox 956 798 989 813; x_wconf 95' lang='grc'><strong><em>..</em></strong></span> <span class='ocrx_word' id='word_1_49' title='bbox 1012 747 1068 838; x_wconf 77' lang='grc' dir='ltr'><strong><em>της</em></strong></span> <span class='ocrx_word' id='word_1_50' title='bbox 1083 739 1113 814; x_wconf 67' lang='grc' dir='ltr'><strong><em>δ’</em></strong></span> <span class='ocrx_word' id='word_1_51' title='bbox 1129 741 1210 837; x_wconf 72' lang='grc' dir='ltr'><strong><em>ὑπὲρ</em></strong></span> <span class='ocrx_word' id='word_1_52' title='bbox 1231 748 1294 815; x_wconf 92' lang='grc' dir='ltr'><strong><em>τῶν</em></strong></span> <span class='ocrx_word' id='word_1_53' title='bbox 1316 743 1434 833; x_wconf 92' lang='grc' dir='ltr'><strong><em>νόμων,</em></strong></span> 
     </span>
     <span class='ocr_line' id='line_1_7' title="bbox 223 836 1436 942; baseline 0 -22"><span class='ocrx_word' id='word_1_54' title='bbox 223 840 276 933; x_wconf 76' lang='grc' dir='ltr'><strong><em>οδς</em></strong></span> <span class='ocrx_word' id='word_1_55' title='bbox 297 847 449 942; x_wconf 83' lang='grc' dir='ltr'><strong><em>παραβὰς</em></strong></span> <span class='ocrx_word' id='word_1_56' title='bbox 472 836 563 932; x_wconf 74' lang='grc' dir='ltr'><strong><em>οὗτος</em></strong></span> <span class='ocrx_word' id='word_1_57' title='bbox 583 843 751 933; x_wconf 87' lang='grc' dir='ltr'><strong><em>κάκείνους</em></strong></span> <span class='ocrx_word' id='word_1_58' title='bbox 772 843 877 942; x_wconf 76' lang='grc' dir='ltr'><strong><em>ἠδίκει</em></strong></span> <span class='ocrx_word' id='word_1_59' title='bbox 898 853 954 919; x_wconf 85' lang='grc' dir='ltr'><strong><em>καί</em></strong></span> <span class='ocrx_word' id='word_1_60' title='bbox 976 853 1029 919; x_wconf 82' lang='grc' dir='ltr'><strong><em>νῶν</em></strong></span> <span class='ocrx_word' id='word_1_61' title='bbox 1050 853 1108 938; x_wconf 78' lang='grc' dir='ltr'><strong><em>ἐμὲ</em></strong></span> <span class='ocrx_word' id='word_1_62' title='bbox 1130 855 1186 919; x_wconf 85' lang='grc' dir='ltr'><strong><em>καί</em></strong></span> <span class='ocrx_word' id='word_1_63' title='bbox 1208 847 1335 934; x_wconf 78' lang='grc' dir='ltr'><strong><em>πάντας</em></strong></span> <span class='ocrx_word' id='word_1_64' title='bbox 1357 849 1436 934; x_wconf 82' lang='grc' dir='ltr'><strong><em>τοὺς</em></strong></span> 
     </span>
     <span class='ocr_line' id='line_1_8' title="bbox 222 949 773 1048; baseline -0.002 -23"><span class='ocrx_word' id='word_1_65' title='bbox 222 949 344 1040; x_wconf 86' lang='grc' dir='ltr'><strong><em>άλλους,</em></strong></span> <span class='ocrx_word' id='word_1_66' title='bbox 367 950 457 1043; x_wconf 74' lang='grc' dir='ltr'><strong><em>ὑμεῖς</em></strong></span> <span class='ocrx_word' id='word_1_67' title='bbox 479 958 551 1025; x_wconf 84' lang='grc' dir='ltr'><strong><em>έστε</em></strong></span> <span class='ocrx_word' id='word_1_68' title='bbox 575 953 773 1048; x_wconf 86' lang='grc' dir='ltr'><strong><em>κληρονόμοι.</em></strong></span> 
     </span>
    </p>

    <p class='ocr_par' dir='ltr' id='par_1_5' title="bbox 222 1055 1445 1894">
     <span class='ocr_line' id='line_1_9' title="bbox 309 1055 1435 1155; baseline 0.001 -24"><span class='ocrx_word' id='word_1_69' title='bbox 309 1070 355 1132; x_wconf 81' lang='lat' dir='ltr'><strong><em>De</em></strong></span> <span class='ocrx_word' id='word_1_70' title='bbox 377 1069 540 1150; x_wconf 70' lang='lat'><strong>§23-28</strong></span> <span class='ocrx_word' id='word_1_71' title='bbox 564 1068 602 1132; x_wconf 82' lang='lat' dir='ltr'><strong><em>of.</em></strong></span> <span class='ocrx_word' id='word_1_72' title='bbox 626 1068 702 1150; x_wconf 69' lang='lat'><strong><em>§25</em></strong></span> <span class='ocrx_word' id='word_1_73' title='bbox 727 1062 796 1130; x_wconf 75' lang='grc' dir='ltr'><strong><em>ἔστι</em></strong></span> <span class='ocrx_word' id='word_1_74' title='bbox 819 1064 855 1130; x_wconf 83' lang='grc' dir='ltr'><strong><em>δέ</em></strong></span> <span class='ocrx_word' id='word_1_75' title='bbox 878 1064 1087 1153; x_wconf 82' lang='grc' dir='ltr'><strong><em>πρῶτονμὲν</em></strong></span> <span class='ocrx_word' id='word_1_76' title='bbox 1109 1064 1210 1132; x_wconf 84' lang='grc' dir='ltr'><strong><em>έκεῖνο</em></strong></span> <span class='ocrx_word' id='word_1_77' title='bbox 1234 1056 1290 1132; x_wconf 82' lang='grc' dir='ltr'><strong><em>οόκ</em></strong></span> <span class='ocrx_word' id='word_1_78' title='bbox 1313 1055 1435 1155; x_wconf 81' lang='grc' dir='ltr'><strong><em>ῶδηλος</em></strong></span> 
     </span>
     <span class='ocr_line' id='line_1_10' title="bbox 225 1157 1435 1260; baseline -0.001 -23"><span class='ocrx_word' id='word_1_79' title='bbox 225 1171 303 1260; x_wconf 85' lang='grc' dir='ltr'><strong><em>έρῶν</em></strong></span> <span class='ocrx_word' id='word_1_80' title='bbox 320 1223 326 1236; x_wconf 95' lang='grc'><strong><em>.</em></strong></span> <span class='ocrx_word' id='word_1_81' title='bbox 345 1223 352 1237; x_wconf 95' lang='grc'><strong><em>.</em></strong></span> <span class='ocrx_word' id='word_1_82' title='bbox 370 1223 377 1236; x_wconf 97' lang='grc'><strong><em>.</em></strong></span> <span class='ocrx_word' id='word_1_83' title='bbox 396 1223 403 1237; x_wconf 95' lang='grc'><strong><em>.</em></strong></span> <span class='ocrx_word' id='word_1_84' title='bbox 428 1162 472 1250; x_wconf 86' lang='grc' dir='ltr'><strong><em>ῶς</em></strong></span> <span class='ocrx_word' id='word_1_85' title='bbox 486 1165 579 1259; x_wconf 80' lang='grc' dir='ltr'><strong><em>εἴπερ</em></strong></span> <span class='ocrx_word' id='word_1_86' title='bbox 593 1160 726 1259; x_wconf 81' lang='grc' dir='ltr'><strong><em>άληθῶς</em></strong></span> <span class='ocrx_word' id='word_1_87' title='bbox 749 1163 948 1236; x_wconf 77' lang='grc' dir='ltr'><strong><em>ἐπεπόνθειν</em></strong></span> <span class='ocrx_word' id='word_1_88' title='bbox 964 1170 1064 1236; x_wconf 73' lang='grc' dir='ltr'><strong><em>ταῦτα</em></strong></span> <span class='ocrx_word' id='word_1_89' title='bbox 1081 1157 1208 1258; x_wconf 81' lang='grc' dir='ltr'><strong><em>διλέγω,</em></strong></span> <span class='ocrx_word' id='word_1_90' title='bbox 1234 1169 1328 1250; x_wconf 88' lang='grc' dir='ltr'><strong><em>δίκας</em></strong></span> <span class='ocrx_word' id='word_1_91' title='bbox 1342 1169 1435 1252; x_wconf 84' lang='grc' dir='ltr'><strong><em>ἰδίας</em></strong></span> 
     </span>
     <span class='ocr_line' id='line_1_11' title="bbox 222 1265 1445 1367; baseline -0.001 -24"><span class='ocrx_word' id='word_1_92' title='bbox 222 1303 280 1362; x_wconf 94' lang='grc' dir='ltr'><strong><em>μοι</em></strong></span> <span class='ocrx_word' id='word_1_93' title='bbox 310 1276 469 1367; x_wconf 79' lang='grc' dir='ltr'><strong><em>προσῆκεν</em></strong></span> <span class='ocrx_word' id='word_1_94' title='bbox 490 1267 575 1364; x_wconf 78' lang='grc' dir='ltr'><strong><em>αότῴ</em></strong></span> <span class='ocrx_word' id='word_1_95' title='bbox 603 1277 724 1358; x_wconf 84' lang='grc' dir='ltr'><strong><em>λαχεῖν,</em></strong></span> <span class='ocrx_word' id='word_1_96' title='bbox 742 1327 749 1341; x_wconf 94' lang='grc'><strong><em>.</em></strong></span> <span class='ocrx_word' id='word_1_97' title='bbox 767 1327 775 1340; x_wconf 94' lang='grc'><strong><em>.</em></strong></span> <span class='ocrx_word' id='word_1_98' title='bbox 793 1327 826 1341; x_wconf 93' lang='grc'><strong><em>..</em></strong></span> <span class='ocrx_word' id='word_1_99' title='bbox 851 1265 886 1342; x_wconf 72' lang='grc' dir='ltr'><strong><em>ου’1</em></strong></span> <span class='ocrx_word' id='word_1_100' title='bbox 910 1269 956 1360; x_wconf 81' lang='grc' dir='ltr'><strong><em>μὰ</em></strong></span> <span class='ocrx_word' id='word_1_101' title='bbox 979 1266 1035 1344; x_wconf 69' lang='grc' dir='ltr'><strong><em>Δί’</em></strong></span> <span class='ocrx_word' id='word_1_102' title='bbox 1060 1266 1126 1360; x_wconf 81' lang='grc' dir='ltr'><strong><em>οόχί</em></strong></span> <span class='ocrx_word' id='word_1_103' title='bbox 1151 1275 1291 1365; x_wconf 75' lang='grc' dir='ltr'><strong><em>δημοσίᾳ</em></strong></span> <span class='ocrx_word' id='word_1_104' title='bbox 1314 1269 1445 1365; x_wconf 90' lang='grc' dir='ltr'><strong><em>κρίνειν</em></strong></span> 
     </span>
     <span class='ocr_line' id='line_1_12' title="bbox 222 1371 1433 1471; baseline 0.001 -22"><span class='ocrx_word' id='word_1_105' title='bbox 222 1375 316 1449; x_wconf 75' lang='grc' dir='ltr'><strong><em>αὐτὸν</em></strong></span> <span class='ocrx_word' id='word_1_106' title='bbox 337 1383 393 1449; x_wconf 82' lang='grc' dir='ltr'><strong><em>καὶ</em></strong></span> <span class='ocrx_word' id='word_1_107' title='bbox 415 1380 538 1471; x_wconf 91' lang='grc' dir='ltr'><strong><em>τίμημα</em></strong></span> <span class='ocrx_word' id='word_1_108' title='bbox 561 1374 694 1468; x_wconf 75' lang='grc' dir='ltr'><strong><em>ἐπάγειν</em></strong></span> <span class='ocrx_word' id='word_1_109' title='bbox 717 1372 766 1447; x_wconf 83' lang='grc' dir='ltr'><strong><em>ότι</em></strong></span> <span class='ocrx_word' id='word_1_110' title='bbox 788 1381 844 1470; x_wconf 80' lang='grc' dir='ltr'><strong><em>χρῆ</em></strong></span> <span class='ocrx_word' id='word_1_111' title='bbox 867 1387 991 1447; x_wconf 88' lang='grc' dir='ltr'><strong><em>παθεῖν</em></strong></span> <span class='ocrx_word' id='word_1_112' title='bbox 1012 1371 1215 1469; x_wconf 75' lang='grc' dir='ltr'><strong><em>ἢῶποτῖσαι.</em></strong></span> <span class='ocrx_word' id='word_1_113' title='bbox 1253 1386 1270 1468; x_wconf 64' lang='grc' dir='ltr'><strong><em>ξ</em></strong></span> <span class='ocrx_word' id='word_1_114' title='bbox 1288 1387 1329 1450; x_wconf 88' lang='grc'><strong><em>26</em></strong></span> <span class='ocrx_word' id='word_1_115' title='bbox 1346 1409 1433 1471; x_wconf 91' lang='grc' dir='ltr'><strong><em>προ-</em></strong></span> 
     </span>
     <span class='ocr_line' id='line_1_13' title="bbox 223 1476 1433 1576; baseline 0 -22"><span class='ocrx_word' id='word_1_116' title='bbox 223 1489 386 1555; x_wconf 81' lang='grc' dir='ltr'><strong><em>βαλέσθαι</em></strong></span> <span class='ocrx_word' id='word_1_117' title='bbox 407 1477 508 1572; x_wconf 74' lang='grc' dir='ltr'><strong><em>μ’έδει</em></strong></span> <span class='ocrx_word' id='word_1_118' title='bbox 531 1487 587 1553; x_wconf 88' lang='grc' dir='ltr'><strong><em>καί</em></strong></span> <span class='ocrx_word' id='word_1_119' title='bbox 610 1476 687 1575; x_wconf 69' lang='grc' dir='ltr'><strong><em>παρ’</em></strong></span> <span class='ocrx_word' id='word_1_120' title='bbox 704 1477 784 1553; x_wconf 73' lang='grc' dir='ltr'><strong><em>αὐτὰ</em></strong></span> <span class='ocrx_word' id='word_1_121' title='bbox 798 1477 1000 1576; x_wconf 79' lang='grc' dir='ltr'><strong><em>τάδικήματα</em></strong></span> <span class='ocrx_word' id='word_1_122' title='bbox 1014 1481 1070 1576; x_wconf 79' lang='grc' dir='ltr'><strong><em>τὴν</em></strong></span> <span class='ocrx_word' id='word_1_123' title='bbox 1083 1486 1239 1576; x_wconf 79' lang='grc' dir='ltr'><strong><em>τιμωρίαν</em></strong></span> <span class='ocrx_word' id='word_1_124' title='bbox 1253 1493 1433 1555; x_wconf 87' lang='grc' dir='ltr'><strong><em>ποιεῖσθαι</em></strong></span> 
     </span>
     <span class='ocr_line' id='line_1_14' title="bbox 226 1580 1431 1682; baseline 0 -22"><span class='ocrx_word' id='word_1_125' title='bbox 226 1647 309 1661; x_wconf 94' lang='grc'><strong><em>....</em></strong></span> <span class='ocrx_word' id='word_1_126' title='bbox 332 1592 383 1673; x_wconf 91' lang='grc' dir='ltr'><strong><em>τίς</em></strong></span> <span class='ocrx_word' id='word_1_127' title='bbox 404 1583 443 1660; x_wconf 77' lang='grc' dir='ltr'><strong><em>δν</em></strong></span> <span class='ocrx_word' id='word_1_128' title='bbox 465 1580 517 1660; x_wconf 82' lang='grc' dir='ltr'><strong><em>οόν</em></strong></span> <span class='ocrx_word' id='word_1_129' title='bbox 550 1591 658 1681; x_wconf 76' lang='grc' dir='ltr'><strong><em>ἑτέραν</em></strong></span> <span class='ocrx_word' id='word_1_130' title='bbox 679 1593 781 1658; x_wconf 84' lang='grc' dir='ltr'><strong><em>εἵλετο</em></strong></span> <span class='ocrx_word' id='word_1_131' title='bbox 803 1590 966 1681; x_wconf 90' lang='grc' dir='ltr'><strong><em>τιμωρίαν.</em></strong></span> <span class='ocrx_word' id='word_1_132' title='bbox 994 1597 1011 1679; x_wconf 65' lang='grc' dir='ltr'><strong><em>ξ</em></strong></span> <span class='ocrx_word' id='word_1_133' title='bbox 1029 1598 1070 1660; x_wconf 86' lang='grc'><strong><em>27</em></strong></span> <span class='ocrx_word' id='word_1_134' title='bbox 1094 1588 1264 1680; x_wconf 70' lang='grc' dir='ltr'><strong><em>φεύγοντος</em></strong></span> <span class='ocrx_word' id='word_1_135' title='bbox 1284 1594 1344 1679; x_wconf 86' lang='grc' dir='ltr'><strong><em>μέν</em></strong></span> <span class='ocrx_word' id='word_1_136' title='bbox 1359 1589 1431 1682; x_wconf 88' lang='grc' dir='ltr'><strong><em>γάρ,</em></strong></span> 
     </span>
     <span class='ocr_line' id='line_1_15' title="bbox 227 1689 1431 1790; baseline 0 -24"><span class='ocrx_word' id='word_1_137' title='bbox 227 1695 329 1786; x_wconf 80' lang='grc' dir='ltr'><strong><em>οἶμαι,</em></strong></span> <span class='ocrx_word' id='word_1_138' title='bbox 359 1702 415 1766; x_wconf 85' lang='grc' dir='ltr'><strong><em>καί</em></strong></span> <span class='ocrx_word' id='word_1_139' title='bbox 443 1689 632 1788; x_wconf 76' lang='grc' dir='ltr'><strong><em>ἠδικηκότος</em></strong></span> <span class='ocrx_word' id='word_1_140' title='bbox 666 1698 735 1764; x_wconf 78' lang='grc' dir='ltr'><strong><em>ἐστὶ</em></strong></span> <span class='ocrx_word' id='word_1_141' title='bbox 752 1750 759 1764; x_wconf 87' lang='grc'><strong><em>.</em></strong></span> <span class='ocrx_word' id='word_1_142' title='bbox 777 1751 785 1765; x_wconf 91' lang='grc'><strong><em>.</em></strong></span> <span class='ocrx_word' id='word_1_143' title='bbox 803 1750 836 1764; x_wconf 94' lang='grc'><strong><em>..</em></strong></span> <span class='ocrx_word' id='word_1_144' title='bbox 860 1699 1021 1765; x_wconf 78' lang='grc' dir='ltr'><strong><em>δικαστῶν</em></strong></span> <span class='ocrx_word' id='word_1_145' title='bbox 1047 1699 1084 1764; x_wconf 89' lang='grc' dir='ltr'><strong><em>δέ</em></strong></span> <span class='ocrx_word' id='word_1_146' title='bbox 1106 1723 1140 1787; x_wconf 93' lang='grc' dir='ltr'><strong><em>γε</em></strong></span> <span class='ocrx_word' id='word_1_147' title='bbox 1162 1694 1335 1790; x_wconf 81' lang='grc' dir='ltr'><strong><em>σωφρόνων</em></strong></span> <span class='ocrx_word' id='word_1_148' title='bbox 1355 1695 1431 1767; x_wconf 64' lang='lat'><em>102¹)-</em></span> 
     </span>
     <span class='ocr_line' id='line_1_16' title="bbox 224 1791 1393 1894; baseline -0.001 -21"><span class='ocrx_word' id='word_1_149' title='bbox 224 1791 294 1886; x_wconf 84' lang='grc' dir='ltr'><strong><em>τοις</em></strong></span> <span class='ocrx_word' id='word_1_150' title='bbox 315 1831 350 1873; x_wconf 90' lang='grc' dir='ltr'><strong><em>τε</em></strong></span> <span class='ocrx_word' id='word_1_151' title='bbox 370 1799 415 1894; x_wconf 80' lang='grc' dir='ltr'><strong><em>μὴ</em></strong></span> <span class='ocrx_word' id='word_1_152' title='bbox 437 1805 606 1894; x_wconf 80' lang='grc' dir='ltr'><strong><em>προσέχειν</em></strong></span> <span class='ocrx_word' id='word_1_153' title='bbox 628 1805 684 1870; x_wconf 85' lang='grc' dir='ltr'><strong><em>καί</em></strong></span> <span class='ocrx_word' id='word_1_154' title='bbox 708 1791 743 1870; x_wconf 74' lang='grc' dir='ltr'><strong><em>δν</em></strong></span> <span class='ocrx_word' id='word_1_155' title='bbox 765 1794 803 1870; x_wconf 76' lang='grc' dir='ltr'><strong><em>ῶν</em></strong></span> <span class='ocrx_word' id='word_1_156' title='bbox 827 1797 969 1888; x_wconf 77' lang='grc' dir='ltr'><strong><em>λάβωσιν</em></strong></span> <span class='ocrx_word' id='word_1_157' title='bbox 991 1794 1216 1892; x_wconf 83' lang='grc' dir='ltr'><strong><em>άσελγαίνοντα</em></strong></span> <span class='ocrx_word' id='word_1_158' title='bbox 1237 1801 1393 1888; x_wconf 80' lang='grc' dir='ltr'><strong><em>κολάζειν.</em></strong></span> 
     </span>
    </p>
   </div>
   <div class='ocr_carea' id='block_1_4' title="bbox 221 1919 1432 4354">
    <p class='ocr_par' dir='ltr' id='par_1_6' title="bbox 221 1919 1432 2547">
     <span class='ocr_line' id='line_1_17' title="bbox 311 1919 1431 2022; baseline -0.001 -25"><span class='ocrx_word' id='word_1_159' title='bbox 311 1935 356 1997; x_wconf 87' lang='lat' dir='ltr'><strong><em>De</em></strong></span> <span class='ocrx_word' id='word_1_160' title='bbox 379 1933 541 2015; x_wconf 71' lang='lat'>§29-35</span> <span class='ocrx_word' id='word_1_161' title='bbox 565 1931 601 1995; x_wconf 75' lang='grc' dir='ltr'><strong><em>σί.</em></strong></span> <span class='ocrx_word' id='word_1_162' title='bbox 625 1932 700 2014; x_wconf 68' lang='lat'><strong><em>§29</em></strong></span> <span class='ocrx_word' id='word_1_163' title='bbox 724 1921 798 1995; x_wconf 78' lang='grc' dir='ltr'><strong><em>οἶδα</em></strong></span> <span class='ocrx_word' id='word_1_164' title='bbox 820 1926 924 1994; x_wconf 85' lang='grc' dir='ltr'><strong><em>τοίνυν</em></strong></span> <span class='ocrx_word' id='word_1_165' title='bbox 946 1919 996 1994; x_wconf 83' lang='grc' dir='ltr'><strong><em>ὅτι</em></strong></span> <span class='ocrx_word' id='word_1_166' title='bbox 1018 1929 1072 1995; x_wconf 86' lang='grc' dir='ltr'><strong><em>καί</em></strong></span> <span class='ocrx_word' id='word_1_167' title='bbox 1094 1922 1197 2016; x_wconf 80' lang='grc' dir='ltr'><strong><em>τοότηι</em></strong></span> <span class='ocrx_word' id='word_1_168' title='bbox 1221 1929 1333 2018; x_wconf 79' lang='grc' dir='ltr'><strong><em>πολλῶ</em></strong></span> <span class='ocrx_word' id='word_1_169' title='bbox 1355 1925 1431 2022; x_wconf 77' lang='grc' dir='ltr'><strong><em>γρη-</em></strong></span> 
     </span>
     <span class='ocr_line' id='line_1_18' title="bbox 223 2027 1430 2127; baseline -0.001 -24"><span class='ocrx_word' id='word_1_170' title='bbox 223 2059 313 2103; x_wconf 87' lang='grc' dir='ltr'><strong><em>σεται</em></strong></span> <span class='ocrx_word' id='word_1_171' title='bbox 334 2029 419 2124; x_wconf 77' lang='grc' dir='ltr'><strong><em>λόγῳ</em></strong></span> <span class='ocrx_word' id='word_1_172' title='bbox 441 2027 506 2124; x_wconf 50' lang='grc' dir='ltr'><strong><em>((μη</em></strong></span> <span class='ocrx_word' id='word_1_173' title='bbox 528 2059 568 2118; x_wconf 90' lang='grc' dir='ltr'><strong><em>με</em></strong></span> <span class='ocrx_word' id='word_1_174' title='bbox 596 2034 804 2123; x_wconf 72' lang='grc' dir='ltr'><strong><em>Δημοσθένει</em></strong></span> <span class='ocrx_word' id='word_1_175' title='bbox 833 2033 1005 2121; x_wconf 78' lang='grc' dir='ltr'><strong><em>παραδῶτε</em></strong></span> <span class='ocrx_word' id='word_1_176' title='bbox 1025 2034 1107 2124; x_wconf 81' lang='grc' dir='ltr'><strong><em>μηδὲ</em></strong></span> <span class='ocrx_word' id='word_1_177' title='bbox 1130 2028 1185 2101; x_wconf 82' lang='grc' dir='ltr'><strong><em>διὰ</em></strong></span> <span class='ocrx_word' id='word_1_178' title='bbox 1210 2037 1430 2127; x_wconf 68' lang='grc' dir='ltr'><strong><em>Δημοσθένην</em></strong></span> 
     </span>
     <span class='ocr_line' id='line_1_19' title="bbox 221 2130 1430 2232; baseline 0.002 -23"><span class='ocrx_word' id='word_1_179' title='bbox 221 2168 262 2228; x_wconf 93' lang='grc' dir='ltr'><strong><em>με</em></strong></span> <span class='ocrx_word' id='word_1_180' title='bbox 284 2133 420 2232; x_wconf 88' lang='grc' dir='ltr'><strong><em>άνέλητε.</em></strong></span> <span class='ocrx_word' id='word_1_181' title='bbox 440 2132 490 2206; x_wconf 83' lang='grc' dir='ltr'><strong><em>δτι</em></strong></span> <span class='ocrx_word' id='word_1_182' title='bbox 513 2138 622 2228; x_wconf 76' lang='grc' dir='ltr'><strong><em>ἐκείνῳ</em></strong></span> <span class='ocrx_word' id='word_1_183' title='bbox 645 2140 787 2224; x_wconf 85' lang='grc' dir='ltr'><strong><em>πολεμῶ,</em></strong></span> <span class='ocrx_word' id='word_1_184' title='bbox 812 2133 867 2206; x_wconf 86' lang='grc' dir='ltr'><strong><em>διά</em></strong></span> <span class='ocrx_word' id='word_1_185' title='bbox 889 2133 982 2207; x_wconf 76' lang='grc' dir='ltr'><strong><em>τοῦτό</em></strong></span> <span class='ocrx_word' id='word_1_186' title='bbox 1003 2165 1044 2225; x_wconf 89' lang='grc' dir='ltr'><strong><em>με</em></strong></span> <span class='ocrx_word' id='word_1_187' title='bbox 1065 2130 1293 2230; x_wconf 78' lang='grc' dir='ltr'><strong><em>άναιρησετε,·”</em></strong></span> <span class='ocrx_word' id='word_1_188' title='bbox 1317 2147 1430 2228; x_wconf 87' lang='lat' dir='ltr'>quibus</span> 
     </span>
     <span class='ocr_line' id='line_1_20' title="bbox 223 2249 1431 2333; baseline -0.001 -17"><span class='ocrx_word' id='word_1_189' title='bbox 223 2253 322 2316; x_wconf 80' lang='lat' dir='ltr'>verbis</span> <span class='ocrx_word' id='word_1_190' title='bbox 337 2252 447 2315; x_wconf 84' lang='lat' dir='ltr'><strong>Midias</strong></span> <span class='ocrx_word' id='word_1_191' title='bbox 463 2267 592 2333; x_wconf 80' lang='lat' dir='ltr'>poenam</span> <span class='ocrx_word' id='word_1_192' title='bbox 609 2249 761 2331; x_wconf 77' lang='lat' dir='ltr'><strong>significat</strong></span> <span class='ocrx_word' id='word_1_193' title='bbox 776 2269 861 2331; x_wconf 77' lang='lat' dir='ltr'>quae,</span> <span class='ocrx_word' id='word_1_194' title='bbox 886 2249 912 2313; x_wconf 86' lang='lat' dir='ltr'><strong><em>si</em></strong></span> <span class='ocrx_word' id='word_1_195' title='bbox 934 2249 1160 2325; x_wconf 77' lang='lat' dir='ltr'>condemnetur,</span> <span class='ocrx_word' id='word_1_196' title='bbox 1184 2252 1241 2314; x_wconf 82' lang='lat' dir='ltr'>sibi</span> <span class='ocrx_word' id='word_1_197' title='bbox 1255 2252 1431 2327; x_wconf 55' lang='lat' dir='ltr'>immineam</span> 
     </span>
     <span class='ocr_line' id='line_1_21' title="bbox 225 2341 1432 2443; baseline -0.002 -22"><span class='ocrx_word' id='word_1_198' title='bbox 225 2361 380 2440; x_wconf 80' lang='lat' dir='ltr'>praeterea</span> <span class='ocrx_word' id='word_1_199' title='bbox 396 2357 433 2420; x_wconf 77' lang='grc' dir='ltr'><strong><em>ολ</em></strong></span> <span class='ocrx_word' id='word_1_200' title='bbox 450 2356 466 2438; x_wconf 62' lang='grc' dir='ltr'>ᾖ</span> <span class='ocrx_word' id='word_1_201' title='bbox 484 2356 526 2419; x_wconf 80' lang='grc'><strong><em>34</em></strong></span> <span class='ocrx_word' id='word_1_202' title='bbox 541 2349 569 2418; x_wconf 83' lang='grc' dir='ltr'><strong><em>εἰ</em></strong></span> <span class='ocrx_word' id='word_1_203' title='bbox 586 2351 622 2418; x_wconf 84' lang='grc' dir='ltr'><strong><em>δέ</em></strong></span> <span class='ocrx_word' id='word_1_204' title='bbox 642 2345 773 2442; x_wconf 85' lang='grc' dir='ltr'><strong><em>χορηγὸν</em></strong></span> <span class='ocrx_word' id='word_1_205' title='bbox 788 2341 864 2418; x_wconf 71' lang='lat' dir='ltr'><strong><em>”vta</em></strong></span> <span class='ocrx_word' id='word_1_206' title='bbox 885 2343 1033 2440; x_wconf 71' lang='grc' dir='ltr'><strong><em>ὑμέτερον</em></strong></span> <span class='ocrx_word' id='word_1_207' title='bbox 1049 2404 1055 2417; x_wconf 95' lang='grc'><strong><em>.</em></strong></span> <span class='ocrx_word' id='word_1_208' title='bbox 1074 2405 1081 2417; x_wconf 96' lang='grc'><strong><em>.</em></strong></span> <span class='ocrx_word' id='word_1_209' title='bbox 1100 2404 1107 2417; x_wconf 93' lang='grc'><strong><em>.</em></strong></span> <span class='ocrx_word' id='word_1_210' title='bbox 1128 2405 1134 2418; x_wconf 95' lang='grc'><strong><em>.</em></strong></span> <span class='ocrx_word' id='word_1_211' title='bbox 1160 2351 1317 2442; x_wconf 88' lang='grc' dir='ltr'><strong><em>δημοσίας</em></strong></span> <span class='ocrx_word' id='word_1_212' title='bbox 1338 2345 1432 2443; x_wconf 71' lang='grc' dir='ltr'><strong><em>ὀργῆς</em></strong></span> 
     </span>
     <span class='ocr_line' id='line_1_22' title="bbox 225 2451 889 2547; baseline -0.006 -21"><span class='ocrx_word' id='word_1_213' title='bbox 225 2462 281 2526; x_wconf 85' lang='grc' dir='ltr'><strong><em>καὶ</em></strong></span> <span class='ocrx_word' id='word_1_214' title='bbox 303 2458 459 2547; x_wconf 85' lang='grc' dir='ltr'><strong><em>τιμωρίας</em></strong></span> <span class='ocrx_word' id='word_1_215' title='bbox 481 2451 608 2537; x_wconf 90' lang='grc' dir='ltr'><strong><em>δίκαιός</em></strong></span> <span class='ocrx_word' id='word_1_216' title='bbox 630 2457 699 2524; x_wconf 80' lang='grc' dir='ltr'><strong><em>ε’στι</em></strong></span> <span class='ocrx_word' id='word_1_217' title='bbox 719 2451 889 2544; x_wconf 84' lang='grc' dir='ltr'><strong><em>τυγχάνειν.</em></strong></span> 
     </span>
    </p>

    <p class='ocr_par' dir='ltr' id='par_1_7' title="bbox 223 2558 1430 2862">
     <span class='ocr_line' id='line_1_23' title="bbox 312 2558 1430 2656; baseline 0 -24"><span class='ocrx_word' id='word_1_218' title='bbox 312 2570 358 2633; x_wconf 79' lang='lat' dir='ltr'><strong><em>De</em></strong></span> <span class='ocrx_word' id='word_1_219' title='bbox 381 2569 542 2650; x_wconf 69' lang='lat'>§36—41</span> <span class='ocrx_word' id='word_1_220' title='bbox 568 2568 605 2632; x_wconf 78' lang='lat' dir='ltr'><strong><em>of.</em></strong></span> <span class='ocrx_word' id='word_1_221' title='bbox 621 2567 638 2650; x_wconf 59' lang='grc' dir='ltr'>ᾖ</span> <span class='ocrx_word' id='word_1_222' title='bbox 656 2568 696 2630; x_wconf 87' lang='grc'><strong><em>37</em></strong></span> <span class='ocrx_word' id='word_1_223' title='bbox 720 2560 748 2629; x_wconf 81' lang='grc' dir='ltr'><strong><em>εἰ</em></strong></span> <span class='ocrx_word' id='word_1_224' title='bbox 763 2563 822 2648; x_wconf 81' lang='grc' dir='ltr'><strong><em>μὲν</em></strong></span> <span class='ocrx_word' id='word_1_225' title='bbox 844 2561 948 2630; x_wconf 81' lang='grc' dir='ltr'><strong><em>τοίνυν</em></strong></span> <span class='ocrx_word' id='word_1_226' title='bbox 970 2558 1159 2652; x_wconf 77' lang='grc' dir='ltr'><strong><em>ἀποτρέψαι</em></strong></span> <span class='ocrx_word' id='word_1_227' title='bbox 1182 2567 1337 2656; x_wconf 78' lang='grc' dir='ltr'><strong><em>συμφέρει</em></strong></span> <span class='ocrx_word' id='word_1_228' title='bbox 1357 2561 1430 2646; x_wconf 76' lang='grc' dir='ltr'><strong><em>τοὺς</em></strong></span> 
     </span>
     <span class='ocr_line' id='line_1_24' title="bbox 223 2659 1429 2762; baseline -0.001 -24"><span class='ocrx_word' id='word_1_229' title='bbox 223 2662 345 2752; x_wconf 83' lang='grc' dir='ltr'><strong><em>άλλους,</em></strong></span> <span class='ocrx_word' id='word_1_230' title='bbox 361 2671 542 2738; x_wconf 74' lang='grc' dir='ltr'><strong><em>τοῦτονκαὶ</em></strong></span> <span class='ocrx_word' id='word_1_231' title='bbox 559 2659 602 2736; x_wconf 71' lang='grc' dir='ltr'><strong><em>δι’</em></strong></span> <span class='ocrx_word' id='word_1_232' title='bbox 620 2669 723 2735; x_wconf 84' lang='grc' dir='ltr'><strong><em>έκεῖνο</em></strong></span> <span class='ocrx_word' id='word_1_233' title='bbox 738 2670 912 2736; x_wconf 91' lang='grc' dir='ltr'><strong><em>κολαστέον</em></strong></span> <span class='ocrx_word' id='word_1_234' title='bbox 933 2669 989 2736; x_wconf 80' lang='grc' dir='ltr'><strong><em>καί</em></strong></span> <span class='ocrx_word' id='word_1_235' title='bbox 1011 2663 1132 2754; x_wconf 82' lang='grc' dir='ltr'><strong><em>μᾶλλόν</em></strong></span> <span class='ocrx_word' id='word_1_236' title='bbox 1147 2696 1181 2758; x_wconf 91' lang='grc' dir='ltr'><strong><em>γε</em></strong></span> <span class='ocrx_word' id='word_1_237' title='bbox 1204 2663 1333 2759; x_wconf 77' lang='grc' dir='ltr'><strong><em>ὅσησπερ</em></strong></span> <span class='ocrx_word' id='word_1_238' title='bbox 1355 2660 1429 2762; x_wconf 74' lang='grc' dir='ltr'><strong><em>δνῇ</em></strong></span> 
     </span>
     <span class='ocr_line' id='line_1_25' title="bbox 229 2771 1426 2862; baseline -0.001 -18"><span class='ocrx_word' id='word_1_239' title='bbox 229 2775 332 2844; x_wconf 90' lang='grc' dir='ltr'><strong><em>πλείω</em></strong></span> <span class='ocrx_word' id='word_1_240' title='bbox 354 2779 411 2843; x_wconf 90' lang='grc' dir='ltr'><strong><em>καὶ</em></strong></span> <span class='ocrx_word' id='word_1_241' title='bbox 432 2774 540 2862; x_wconf 82' lang='grc' dir='ltr'><strong><em>μείζω·</em></strong></span> <span class='ocrx_word' id='word_1_242' title='bbox 557 2773 586 2842; x_wconf 81' lang='grc' dir='ltr'><strong><em>εἰ</em></strong></span> <span class='ocrx_word' id='word_1_243' title='bbox 602 2774 638 2841; x_wconf 82' lang='grc' dir='ltr'><strong><em>δέ</em></strong></span> <span class='ocrx_word' id='word_1_244' title='bbox 660 2775 836 2862; x_wconf 72' lang='grc' dir='ltr'><strong><em>παροξῦναι</em></strong></span> <span class='ocrx_word' id='word_1_245' title='bbox 858 2775 914 2841; x_wconf 84' lang='grc' dir='ltr'><strong><em>καί</em></strong></span> <span class='ocrx_word' id='word_1_246' title='bbox 936 2776 1048 2842; x_wconf 75' lang='grc' dir='ltr'><strong><em>τοῦτον</em></strong></span> <span class='ocrx_word' id='word_1_247' title='bbox 1070 2776 1125 2841; x_wconf 85' lang='grc' dir='ltr'><strong><em>καί</em></strong></span> <span class='ocrx_word' id='word_1_248' title='bbox 1149 2771 1282 2859; x_wconf 84' lang='grc' dir='ltr'><strong><em>πάντας,</em></strong></span> <span class='ocrx_word' id='word_1_249' title='bbox 1308 2778 1426 2845; x_wconf 85' lang='grc' dir='ltr'><strong><em>έατέον.</em></strong></span> 
     </span>
    </p>

    <p class='ocr_par' dir='ltr' id='par_1_8' title="bbox 223 2868 1429 3597">
     <span class='ocr_line' id='line_1_26' title="bbox 311 2868 1428 2972; baseline 0.001 -22"><span class='ocrx_word' id='word_1_250' title='bbox 311 2887 357 2951; x_wconf 82' lang='lat' dir='ltr'><strong><em>De</em></strong></span> <span class='ocrx_word' id='word_1_251' title='bbox 385 2887 402 2969; x_wconf 65' lang='grc' dir='ltr'><strong><em>ξ</em></strong></span> <span class='ocrx_word' id='word_1_252' title='bbox 427 2886 555 2949; x_wconf 80' lang='grc'>42-50</span> <span class='ocrx_word' id='word_1_253' title='bbox 585 2885 621 2949; x_wconf 78' lang='grc' dir='ltr'><strong><em>ολ</em></strong></span> <span class='ocrx_word' id='word_1_254' title='bbox 653 2885 734 2966; x_wconf 71' lang='lat'><strong><em>§42</em></strong></span> <span class='ocrx_word' id='word_1_255' title='bbox 765 2868 791 2946; x_wconf 89' lang='grc' dir='ltr'><strong><em>ῶ</em></strong></span> <span class='ocrx_word' id='word_1_256' title='bbox 822 2870 933 2969; x_wconf 79' lang='grc' dir='ltr'><strong><em>ῶνδρες</em></strong></span> <span class='ocrx_word' id='word_1_257' title='bbox 966 2880 1128 2947; x_wconf 89' lang='grc' dir='ltr'><strong><em>δικασταί·</em></strong></span> <span class='ocrx_word' id='word_1_258' title='bbox 1158 2877 1242 2949; x_wconf 81' lang='grc' dir='ltr'><strong><em>κατά</em></strong></span> <span class='ocrx_word' id='word_1_259' title='bbox 1270 2877 1330 2972; x_wconf 82' lang='grc' dir='ltr'><strong><em>γὰρ</em></strong></span> <span class='ocrx_word' id='word_1_260' title='bbox 1356 2879 1428 2964; x_wconf 84' lang='grc' dir='ltr'><strong><em>τοίς</em></strong></span> 
     </span>
     <span class='ocr_line' id='line_1_27' title="bbox 224 2977 1427 3080; baseline 0 -24"><span class='ocrx_word' id='word_1_261' title='bbox 224 2983 339 3074; x_wconf 91' lang='grc' dir='ltr'><strong><em>νόμους</em></strong></span> <span class='ocrx_word' id='word_1_262' title='bbox 360 2982 504 3056; x_wconf 89' lang='grc' dir='ltr'><strong><em>δικάσειν</em></strong></span> <span class='ocrx_word' id='word_1_263' title='bbox 527 2977 724 3071; x_wconf 78' lang='grc' dir='ltr'><strong><em>ὀμωμόκατε.</em></strong></span> <span class='ocrx_word' id='word_1_264' title='bbox 747 2986 802 3052; x_wconf 89' lang='grc' dir='ltr'><strong><em>καί</em></strong></span> <span class='ocrx_word' id='word_1_265' title='bbox 825 2977 980 3074; x_wconf 75' lang='grc' dir='ltr'><strong><em>θεωρεῖθ’</em></strong></span> <span class='ocrx_word' id='word_1_266' title='bbox 1005 2978 1070 3075; x_wconf 82' lang='grc' dir='ltr'><strong><em>δσιμ</em></strong></span> <span class='ocrx_word' id='word_1_267' title='bbox 1092 2985 1243 3072; x_wconf 83' lang='grc' dir='ltr'><strong><em>μείζονος·</em></strong></span> <span class='ocrx_word' id='word_1_268' title='bbox 1259 2979 1352 3080; x_wconf 76' lang='grc' dir='ltr'><strong><em>ὀργῆς</em></strong></span> <span class='ocrx_word' id='word_1_269' title='bbox 1373 2991 1427 3056; x_wconf 83' lang='grc' dir='ltr'><strong><em>καί</em></strong></span> 
     </span>
     <span class='ocr_line' id='line_1_28' title="bbox 227 3083 1429 3185; baseline 0.001 -24"><span class='ocrx_word' id='word_1_270' title='bbox 227 3093 342 3185; x_wconf 82' lang='grc' dir='ltr'><strong><em>ζημίας</em></strong></span> <span class='ocrx_word' id='word_1_271' title='bbox 369 3085 494 3176; x_wconf 79' lang='grc' dir='ltr'><strong><em>άξιοῦσι</em></strong></span> <span class='ocrx_word' id='word_1_272' title='bbox 523 3086 596 3172; x_wconf 77' lang='grc' dir='ltr'><strong><em>τοὺς</em></strong></span> <span class='ocrx_word' id='word_1_273' title='bbox 626 3090 779 3172; x_wconf 74' lang='grc' dir='ltr'><strong><em>ἑκουσίως</em></strong></span> <span class='ocrx_word' id='word_1_274' title='bbox 808 3093 863 3158; x_wconf 89' lang='grc' dir='ltr'><strong><em>καί</em></strong></span> <span class='ocrx_word' id='word_1_275' title='bbox 892 3083 935 3158; x_wconf 54' lang='grc' dir='ltr'><strong><em>δι)</em></strong></span> <span class='ocrx_word' id='word_1_276' title='bbox 965 3084 1055 3180; x_wconf 75' lang='grc' dir='ltr'><strong><em>άβριν</em></strong></span> <span class='ocrx_word' id='word_1_277' title='bbox 1084 3095 1345 3184; x_wconf 70' lang='grc' dir='ltr'><strong><em>πλημμελοῦντας</em></strong></span> <span class='ocrx_word' id='word_1_278' title='bbox 1366 3097 1429 3162; x_wconf 91' lang='grc' dir='ltr'><strong><em>τῶν</em></strong></span> 
     </span>
     <span class='ocr_line' id='line_1_29' title="bbox 224 3189 1429 3292; baseline 0 -24"><span class='ocrx_word' id='word_1_279' title='bbox 224 3191 329 3280; x_wconf 79' lang='grc' dir='ltr'><strong><em>άλλως</em></strong></span> <span class='ocrx_word' id='word_1_280' title='bbox 350 3227 423 3279; x_wconf 90' lang='grc' dir='ltr'><strong><em>πως</em></strong></span> <span class='ocrx_word' id='word_1_281' title='bbox 445 3192 730 3287; x_wconf 79' lang='grc' dir='ltr'><strong><em>ἐξαμαρτανόντων.</em></strong></span> <span class='ocrx_word' id='word_1_282' title='bbox 765 3201 782 3283; x_wconf 65' lang='grc' dir='ltr'><strong><em>ξ</em></strong></span> <span class='ocrx_word' id='word_1_283' title='bbox 799 3202 839 3264; x_wconf 86' lang='grc'><strong><em>50</em></strong></span> <span class='ocrx_word' id='word_1_284' title='bbox 862 3191 917 3263; x_wconf 84' lang='grc' dir='ltr'><strong><em>τόν</em></strong></span> <span class='ocrx_word' id='word_1_285' title='bbox 937 3196 1042 3265; x_wconf 89' lang='grc' dir='ltr'><strong><em>τοίνυν</em></strong></span> <span class='ocrx_word' id='word_1_286' title='bbox 1065 3189 1100 3264; x_wconf 85' lang='grc' dir='ltr'><strong><em>σό</em></strong></span> <span class='ocrx_word' id='word_1_287' title='bbox 1115 3194 1205 3288; x_wconf 84' lang='grc' dir='ltr'><strong><em>παρὰ</em></strong></span> <span class='ocrx_word' id='word_1_288' title='bbox 1219 3207 1289 3281; x_wconf 88' lang='grc' dir='ltr'><strong><em>τοῖς</em></strong></span> <span class='ocrx_word' id='word_1_289' title='bbox 1297 3193 1429 3292; x_wconf 84' lang='grc' dir='ltr'><strong><em>Ἕλλησι</em></strong></span> 
     </span>
     <span class='ocr_line' id='line_1_30' title="bbox 223 3293 1429 3396; baseline 0 -22"><span class='ocrx_word' id='word_1_290' title='bbox 223 3302 320 3394; x_wconf 93' lang='grc' dir='ltr'><strong><em>μόνον</em></strong></span> <span class='ocrx_word' id='word_1_291' title='bbox 348 3296 574 3391; x_wconf 76' lang='grc' dir='ltr'><strong><em>εόδοκιμοῖυτα</em></strong></span> <span class='ocrx_word' id='word_1_292' title='bbox 609 3298 720 3388; x_wconf 83' lang='grc' dir='ltr'><strong><em>νόμον,</em></strong></span> <span class='ocrx_word' id='word_1_293' title='bbox 753 3293 834 3370; x_wconf 73' lang='grc' dir='ltr'><strong><em>ἀλλὰ</em></strong></span> <span class='ocrx_word' id='word_1_294' title='bbox 867 3305 923 3369; x_wconf 82' lang='grc' dir='ltr'><strong><em>καὶ</em></strong></span> <span class='ocrx_word' id='word_1_295' title='bbox 959 3297 1050 3391; x_wconf 79' lang='grc' dir='ltr'><strong><em>παρὰ</em></strong></span> <span class='ocrx_word' id='word_1_296' title='bbox 1086 3311 1155 3384; x_wconf 87' lang='grc' dir='ltr'><strong><em>τοῖς</em></strong></span> <span class='ocrx_word' id='word_1_297' title='bbox 1185 3301 1360 3396; x_wconf 77' lang='grc' dir='ltr'><strong><em>βαρβάροις</em></strong></span> <span class='ocrx_word' id='word_1_298' title='bbox 1395 3295 1429 3374; x_wconf 77' lang='grc' dir='ltr'><strong><em>εδ</em></strong></span> 
     </span>
     <span class='ocr_line' id='line_1_31' title="bbox 225 3399 1429 3503; baseline 0 -23"><span class='ocrx_word' id='word_1_299' title='bbox 225 3403 349 3496; x_wconf 75' lang='grc' dir='ltr'><strong><em>δόξαντ&gt;</em></strong></span> <span class='ocrx_word' id='word_1_300' title='bbox 382 3402 420 3479; x_wconf 82' lang='grc' dir='ltr'><strong><em>όίν</em></strong></span> <span class='ocrx_word' id='word_1_301' title='bbox 443 3410 533 3495; x_wconf 85' lang='grc' dir='ltr'><strong><em>έχειν,</em></strong></span> <span class='ocrx_word' id='word_1_302' title='bbox 558 3399 735 3477; x_wconf 61' lang='grc' dir='ltr'><strong><em>σκοπεῖσθ)</em></strong></span> <span class='ocrx_word' id='word_1_303' title='bbox 759 3401 777 3474; x_wconf 84' lang='grc' dir='ltr'><em>ὃ</em></span> <span class='ocrx_word' id='word_1_304' title='bbox 801 3404 953 3497; x_wconf 83' lang='grc' dir='ltr'><strong><em>παραβὰς</em></strong></span> <span class='ocrx_word' id='word_1_305' title='bbox 980 3401 1088 3498; x_wconf 73' lang='grc' dir='ltr'><strong><em>ἥντινα</em></strong></span> <span class='ocrx_word' id='word_1_306' title='bbox 1115 3405 1190 3491; x_wconf 76' lang='grc' dir='ltr'><strong><em>δοὺς</em></strong></span> <span class='ocrx_word' id='word_1_307' title='bbox 1218 3412 1309 3503; x_wconf 93' lang='grc' dir='ltr'><strong><em>δίκην</em></strong></span> <span class='ocrx_word' id='word_1_308' title='bbox 1337 3404 1429 3496; x_wconf 81' lang='grc' dir='ltr'><strong><em>ῶξίαν</em></strong></span> 
     </span>
     <span class='ocr_line' id='line_1_32' title="bbox 226 3511 497 3597; baseline -0.015 -11"><span class='ocrx_word' id='word_1_309' title='bbox 226 3519 317 3586; x_wconf 84' lang='grc' dir='ltr'><strong><em>έσται</em></strong></span> <span class='ocrx_word' id='word_1_310' title='bbox 340 3511 497 3597; x_wconf 86' lang='grc' dir='ltr'><strong><em>δεδωκώς.</em></strong></span> 
     </span>
    </p>

    <p class='ocr_par' dir='ltr' id='par_1_9' title="bbox 224 3613 1428 4025">
     <span class='ocr_line' id='line_1_33' title="bbox 312 3613 1428 3713; baseline -0.002 -21"><span class='ocrx_word' id='word_1_311' title='bbox 312 3629 397 3710; x_wconf 72' lang='grc' dir='ltr'><strong><em>1)εὲ</em></strong></span> <span class='ocrx_word' id='word_1_312' title='bbox 422 3628 560 3691; x_wconf 70' lang='grc'><strong>51-69</strong></span> <span class='ocrx_word' id='word_1_313' title='bbox 574 3625 611 3689; x_wconf 79' lang='lat' dir='ltr'><strong><em>of.</em></strong></span> <span class='ocrx_word' id='word_1_314' title='bbox 635 3625 652 3707; x_wconf 63' lang='grc' dir='ltr'><strong><em>ξ</em></strong></span> <span class='ocrx_word' id='word_1_315' title='bbox 676 3627 716 3689; x_wconf 83' lang='grc'><strong><em>57</em></strong></span> <span class='ocrx_word' id='word_1_316' title='bbox 740 3615 811 3688; x_wconf 84' lang='grc' dir='ltr'><strong><em>εἶτα</em></strong></span> <span class='ocrx_word' id='word_1_317' title='bbox 832 3614 965 3706; x_wconf 81' lang='grc' dir='ltr'><strong><em>τὸνμὲν</em></strong></span> <span class='ocrx_word' id='word_1_318' title='bbox 986 3616 1131 3713; x_wconf 82' lang='grc' dir='ltr'><strong><em>χορευτὴν</em></strong></span> <span class='ocrx_word' id='word_1_319' title='bbox 1154 3613 1218 3689; x_wconf 72' lang='grc' dir='ltr'><strong><em>τόδ’</em></strong></span> <span class='ocrx_word' id='word_1_320' title='bbox 1243 3616 1260 3690; x_wconf 83' lang='grc' dir='ltr'>ὁ</span> <span class='ocrx_word' id='word_1_321' title='bbox 1282 3648 1428 3712; x_wconf 88' lang='grc' dir='ltr'><strong><em>προσκα-</em></strong></span> 
     </span>
     <span class='ocr_line' id='line_1_34' title="bbox 224 3719 1426 3818; baseline -0.001 -21"><span class='ocrx_word' id='word_1_322' title='bbox 224 3731 321 3810; x_wconf 85' lang='grc' dir='ltr'><strong><em>λέσας</em></strong></span> <span class='ocrx_word' id='word_1_323' title='bbox 343 3723 425 3796; x_wconf 79' lang='grc' dir='ltr'><strong><em>κατὰ</em></strong></span> <span class='ocrx_word' id='word_1_324' title='bbox 447 3723 502 3796; x_wconf 86' lang='grc' dir='ltr'><strong><em>τὸν</em></strong></span> <span class='ocrx_word' id='word_1_325' title='bbox 524 3720 619 3812; x_wconf 92' lang='grc' dir='ltr'><strong><em>νόμον</em></strong></span> <span class='ocrx_word' id='word_1_326' title='bbox 648 3719 782 3817; x_wconf 79' lang='grc' dir='ltr'><strong><em>άζίγμιος</em></strong></span> <span class='ocrx_word' id='word_1_327' title='bbox 805 3725 911 3808; x_wconf 77' lang='grc' dir='ltr'><strong><em>ἔσται,</em></strong></span> <span class='ocrx_word' id='word_1_328' title='bbox 935 3721 989 3792; x_wconf 87' lang='grc' dir='ltr'><strong><em>τὸν</em></strong></span> <span class='ocrx_word' id='word_1_329' title='bbox 1012 3727 1048 3794; x_wconf 84' lang='grc' dir='ltr'><strong><em>δέ</em></strong></span> <span class='ocrx_word' id='word_1_330' title='bbox 1069 3722 1201 3818; x_wconf 87' lang='grc' dir='ltr'><strong><em>χορηγὸν</em></strong></span> <span class='ocrx_word' id='word_1_331' title='bbox 1224 3719 1289 3796; x_wconf 82' lang='grc' dir='ltr'><strong><em>οόδ</em></strong></span> <span class='ocrx_word' id='word_1_332' title='bbox 1313 3723 1330 3795; x_wconf 84' lang='grc' dir='ltr'>ὁ</span> <span class='ocrx_word' id='word_1_333' title='bbox 1353 3754 1426 3817; x_wconf 85' lang='grc' dir='ltr'><strong><em>συγ-</em></strong></span> 
     </span>
     <span class='ocr_line' id='line_1_35' title="bbox 228 3824 1425 3926; baseline -0.002 -23"><span class='ocrx_word' id='word_1_334' title='bbox 228 3831 337 3926; x_wconf 80' lang='grc' dir='ltr'><strong><em>κόψας</em></strong></span> <span class='ocrx_word' id='word_1_335' title='bbox 358 3829 448 3925; x_wconf 81' lang='grc' dir='ltr'><strong><em>παρὰ</em></strong></span> <span class='ocrx_word' id='word_1_336' title='bbox 470 3828 596 3913; x_wconf 89' lang='grc' dir='ltr'><strong><em>πάντας</em></strong></span> <span class='ocrx_word' id='word_1_337' title='bbox 616 3826 690 3914; x_wconf 81' lang='grc' dir='ltr'><strong><em>τοὺς</em></strong></span> <span class='ocrx_word' id='word_1_338' title='bbox 715 3827 829 3918; x_wconf 87' lang='grc' dir='ltr'><strong><em>νόμους</em></strong></span> <span class='ocrx_word' id='word_1_339' title='bbox 852 3824 934 3899; x_wconf 75' lang='grc' dir='ltr'><strong><em>οίτω</em></strong></span> <span class='ocrx_word' id='word_1_340' title='bbox 956 3833 1099 3923; x_wconf 82' lang='grc' dir='ltr'><strong><em>ηανερῶς</em></strong></span> <span class='ocrx_word' id='word_1_341' title='bbox 1114 3827 1211 3901; x_wconf 87' lang='grc' dir='ltr'><strong><em>διόσει</em></strong></span> <span class='ocrx_word' id='word_1_342' title='bbox 1227 3835 1333 3926; x_wconf 85' lang='grc' dir='ltr'><strong><em>δίκην,·</em></strong></span> <span class='ocrx_word' id='word_1_343' title='bbox 1352 3840 1369 3922; x_wconf 64' lang='grc' dir='ltr'><strong><em>ξ</em></strong></span> <span class='ocrx_word' id='word_1_344' title='bbox 1387 3841 1425 3902; x_wconf 82' lang='lat'><strong><em>61</em></strong></span> 
     </span>
     <span class='ocr_line' id='line_1_36' title="bbox 227 3928 1002 4025; baseline -0.008 -15"><span class='ocrx_word' id='word_1_345' title='bbox 227 3935 284 4010; x_wconf 81' lang='grc' dir='ltr'><strong><em>οόκ</em></strong></span> <span class='ocrx_word' id='word_1_346' title='bbox 311 3930 363 4010; x_wconf 79' lang='grc' dir='ltr'><strong><em>σόν</em></strong></span> <span class='ocrx_word' id='word_1_347' title='bbox 385 3935 494 4021; x_wconf 89' lang='grc' dir='ltr'><strong><em>δεινόν,</em></strong></span> <span class='ocrx_word' id='word_1_348' title='bbox 520 3928 545 4006; x_wconf 87' lang='grc' dir='ltr'><strong><em>ῶ</em></strong></span> <span class='ocrx_word' id='word_1_349' title='bbox 569 3929 678 4025; x_wconf 83' lang='grc' dir='ltr'><strong><em>όίνδρες</em></strong></span> <span class='ocrx_word' id='word_1_350' title='bbox 700 3938 860 4018; x_wconf 87' lang='grc' dir='ltr'><strong><em>δικασταί,</em></strong></span> <span class='ocrx_word' id='word_1_351' title='bbox 885 3965 914 4004; x_wconf 91' lang='grc' dir='ltr'><strong><em>κ.</em></strong></span> <span class='ocrx_word' id='word_1_352' title='bbox 930 3966 958 4005; x_wconf 92' lang='grc' dir='ltr'><strong><em>τ.</em></strong></span> <span class='ocrx_word' id='word_1_353' title='bbox 975 3940 1002 4004; x_wconf 90' lang='grc' dir='ltr'><strong><em>λ.</em></strong></span> 
     </span>
    </p>

    <p class='ocr_par' dir='ltr' id='par_1_10' title="bbox 226 4033 1428 4354">
     <span class='ocr_line' id='line_1_37' title="bbox 313 4033 1426 4136; baseline -0.002 -20"><span class='ocrx_word' id='word_1_354' title='bbox 313 4054 391 4135; x_wconf 74' lang='grc' dir='ltr'><strong><em>1)εὲ</em></strong></span> <span class='ocrx_word' id='word_1_355' title='bbox 409 4052 537 4116; x_wconf 83' lang='grc'>70-76</span> <span class='ocrx_word' id='word_1_356' title='bbox 561 4050 598 4113; x_wconf 79' lang='lat' dir='ltr'><strong><em>of.</em></strong></span> <span class='ocrx_word' id='word_1_357' title='bbox 621 4050 638 4130; x_wconf 65' lang='grc' dir='ltr'><strong>ἓ</strong></span> <span class='ocrx_word' id='word_1_358' title='bbox 657 4051 696 4112; x_wconf 84' lang='grc'><strong><em>70</em></strong></span> <span class='ocrx_word' id='word_1_359' title='bbox 719 4043 748 4111; x_wconf 85' lang='grc' dir='ltr'><strong><em>εὶ</em></strong></span> <span class='ocrx_word' id='word_1_360' title='bbox 770 4042 874 4112; x_wconf 90' lang='grc' dir='ltr'><strong><em>τοίνυν</em></strong></span> <span class='ocrx_word' id='word_1_361' title='bbox 895 4071 945 4123; x_wconf 88' lang='grc' dir='ltr'><strong><em>τις</em></strong></span> <span class='ocrx_word' id='word_1_362' title='bbox 964 4037 1058 4130; x_wconf 69' lang='grc' dir='ltr'><strong><em>ὑμῶν,</em></strong></span> <span class='ocrx_word' id='word_1_363' title='bbox 1083 4033 1109 4112; x_wconf 86' lang='grc' dir='ltr'><strong><em>ῶ</em></strong></span> <span class='ocrx_word' id='word_1_364' title='bbox 1124 4036 1233 4136; x_wconf 82' lang='grc' dir='ltr'><strong><em>άνδρες</em></strong></span> <span class='ocrx_word' id='word_1_365' title='bbox 1247 4038 1426 4136; x_wconf 76' lang='grc' dir='ltr'><strong><em>Ἀθηναῖοι,</em></strong></span> 
     </span>
     <span class='ocr_line' id='line_1_38' title="bbox 226 4140 1427 4242; baseline -0.002 -21"><span class='ocrx_word' id='word_1_366' title='bbox 226 4145 330 4235; x_wconf 83' lang='grc' dir='ltr'><strong><em>άλλως</em></strong></span> <span class='ocrx_word' id='word_1_367' title='bbox 345 4181 418 4234; x_wconf 90' lang='grc' dir='ltr'><strong><em>πως</em></strong></span> <span class='ocrx_word' id='word_1_368' title='bbox 431 4153 493 4237; x_wconf 81' lang='grc' dir='ltr'><strong><em>έχει</em></strong></span> <span class='ocrx_word' id='word_1_369' title='bbox 505 4147 561 4242; x_wconf 78' lang='grc' dir='ltr'><strong><em>τὴν</em></strong></span> <span class='ocrx_word' id='word_1_370' title='bbox 573 4141 664 4240; x_wconf 76' lang='grc' dir='ltr'><strong><em>ὀργὴν</em></strong></span> <span class='ocrx_word' id='word_1_371' title='bbox 680 4151 737 4216; x_wconf 77' lang='grc' dir='ltr'><strong><em>ἐπί</em></strong></span> <span class='ocrx_word' id='word_1_372' title='bbox 753 4148 894 4217; x_wconf 82' lang='grc' dir='ltr'><strong><em>Μειδίαν</em></strong></span> <span class='ocrx_word' id='word_1_373' title='bbox 908 4140 927 4240; x_wconf 67' lang='grc' dir='ltr'><strong><em>ἠ</em></strong></span> <span class='ocrx_word' id='word_1_374' title='bbox 943 4144 987 4231; x_wconf 87' lang='grc' dir='ltr'><strong><em>ῶς</em></strong></span> <span class='ocrx_word' id='word_1_375' title='bbox 1001 4153 1074 4218; x_wconf 88' lang='grc' dir='ltr'><strong><em>δέον</em></strong></span> <span class='ocrx_word' id='word_1_376' title='bbox 1089 4143 1182 4218; x_wconf 76' lang='grc' dir='ltr'><strong><em>αὐτὸν</em></strong></span> <span class='ocrx_word' id='word_1_377' title='bbox 1191 4146 1353 4232; x_wconf 84' lang='grc' dir='ltr'><strong><em>τεθνάναι,</em></strong></span> <span class='ocrx_word' id='word_1_378' title='bbox 1371 4144 1427 4219; x_wconf 83' lang='grc' dir='ltr'><strong><em>οόκ</em></strong></span> 
     </span>
     <span class='ocr_line' id='line_1_39' title="bbox 228 4249 1428 4354; baseline -0.003 -26"><span class='ocrx_word' id='word_1_379' title='bbox 228 4253 337 4354; x_wconf 75' lang='grc' dir='ltr'><strong><em>ὀρθῶς</em></strong></span> <span class='ocrx_word' id='word_1_380' title='bbox 358 4260 421 4344; x_wconf 80' lang='grc' dir='ltr'><strong><em>έγει</em></strong></span> <span class='ocrx_word' id='word_1_381' title='bbox 438 4313 444 4326; x_wconf 95' lang='grc'><strong><em>.</em></strong></span> <span class='ocrx_word' id='word_1_382' title='bbox 463 4311 496 4325; x_wconf 93' lang='grc'><strong><em>..</em></strong></span> <span class='ocrx_word' id='word_1_383' title='bbox 520 4249 601 4324; x_wconf 84' lang='grc' dir='ltr'><strong><em>άλλδι</em></strong></span> <span class='ocrx_word' id='word_1_384' title='bbox 630 4250 685 4322; x_wconf 85' lang='grc' dir='ltr'><strong><em>τόν</em></strong></span> <span class='ocrx_word' id='word_1_385' title='bbox 713 4255 773 4340; x_wconf 83' lang='grc' dir='ltr'><strong><em>μέν</em></strong></span> <span class='ocrx_word' id='word_1_386' title='bbox 801 4249 845 4335; x_wconf 88' lang='grc' dir='ltr'><strong><em>ῶς</em></strong></span> <span class='ocrx_word' id='word_1_387' title='bbox 866 4249 1019 4324; x_wconf 78' lang='grc' dir='ltr'><strong><em>ἁπάντων</em></strong></span> <span class='ocrx_word' id='word_1_388' title='bbox 1040 4258 1103 4324; x_wconf 89' lang='grc' dir='ltr'><strong><em>τῶν</em></strong></span> <span class='ocrx_word' id='word_1_389' title='bbox 1125 4249 1304 4348; x_wconf 84' lang='grc' dir='ltr'><strong><em>άνηκέστων</em></strong></span> <span class='ocrx_word' id='word_1_390' title='bbox 1325 4255 1428 4325; x_wconf 81' lang='grc' dir='ltr'><strong><em>α’ίτιον</em></strong></span> 
     </span>
    </p>
   </div>
   <div class='ocr_carea' id='block_1_5' title="bbox 0 0 1576 4834">
    <p class='ocr_par' dir='ltr' id='par_1_11' title="bbox 0 0 1576 4834">
     <span class='ocr_line' id='line_1_40' title="bbox 0 0 1576 4834; baseline 0 0"><span class='ocrx_word' id='word_1_391' title='bbox 0 0 1576 4834; x_wconf 95' lang='lat' dir='ltr'><strong><em> </em></strong></span> 
     </span>
    </p>
   </div>
  </div>
 </body>
</html>
