3142 4834
748 282 958 379 Q-

250 511 322 557 eum
345 494 397 574 qui
413 493 555 556 orationis
575 497 743 556 extremam
766 496 884 575 partem
909 495 939 576 (ὅ
956 495 1142 578 ano-227)
1166 492 1272 574 legerit
1294 513 1457 556 sensurum

250 618 316 662 esse
340 619 372 662 se
393 601 509 681 putare.
556 599 805 678 Quamobrem
828 619 896 664 eam
924 601 1107 682 particulam
1136 619 1196 663 non
1226 600 1380 682 epilogum
1402 599 1459 662 Μι-

249 703 358 768 ιιιιιιιι
387 706 509 786 qualem
541 724 623 769 nunc
651 706 819 770 habeamus
849 725 932 782 esse,
963 706 1016 770 sed
1046 705 1189 769 orationis
1218 706 1285 769 eius
1308 724 1404 786 quam
1428 705 1459 766 in

249 810 377 873 Midiam
399 811 562 892 aliquando
591 812 702 876 habere
729 812 760 875 in
791 812 892 875 animo
922 813 1014 876 luerit
1036 811 1242 876 Demostheni.
1287 810 1348 875 Sed
1376 811 1458 874 illius

249 917 358 998 epilogi
379 917 480 980 verbis
503 936 564 998 qua
594 937 690 1000 poena
712 921 813 982 οιιιοι
841 937 928 982 reum
951 918 1031 982 affici
1054 918 1126 981 velit
1155 936 1278 999 prorsus
1299 937 1358 980 ιιοιι
1381 916 1460 979 indi-

246 1025 349 1096 catur3
381 1042 418 1087 ne
450 1042 509 1086 uno
539 1024 662 1105 quidem
684 1024 775 1088 verbo
805 1027 888 1088 certa
919 1043 1016 1106 poena
1047 1043 1124 1106 quae
1153 1023 1266 1087 Midiae
1296 1023 1459 1102 irroganda

249 1129 290 1191 sit
312 1128 507 1208 significatur,
532 1130 584 1194 sed
600 1130 631 1192 id
654 1149 752 1193 unum
775 1131 886 1194 diserte
908 1131 1094 1212 exprimitur,
1118 1130 1322 1194 condemnent
1343 1129 1459 1193 iudices

248 1253 335 1297 reum
358 1235 494 1300 iustaet
516 1238 624 1299 sancta
654 1234 798 1316 suffragia
820 1236 1004 1300 ferenteset
990 1236 1155 1318 tpuniant
1176 1235 1328 1316 graviter,
1356 1235 1402 1298 ita
1425 1238 1460 1297 ιιι

249 1340 317 1404 aliis
340 1342 395 1404 fiat
420 1342 564 1423 exemplo
576 1342 599 1425 ¹)
654 1341 775 1420 Quaet
776 1361 827 1404 am
858 1343 940 1406 acria
970 1345 1062 1424 utque
1090 1342 1196 1425 gravia
1228 1345 1300 1405 sunt
1328 1344 1365 1404 ut
1388 1360 1459 1405 cum

249 1447 366 1527 reliqua
389 1447 522 1510 oratione
544 1467 692 1528 magnam
726 1448 804 1511 iram
834 1451 926 1529 atque
955 1449 1195 1528 indignationem
1226 1447 1359 1530 spirante
1383 1450 1433 1510 sat
1434 1447 1459 1508 is

251 1553 421 1616 concinant.
466 1553 575 1634 Itaque
598 1573 658 1617 non
683 1573 757 1636 opus
781 1556 828 1618 est
852 1573 924 1618 cum
946 1554 1016 1618 Ειιο
1040 1555 1121 1618 hunc
1144 1555 1296 1636 epilogum
1319 1553 1371 1616 alii
1394 1571 1460 1616 ora·

246 1657 323 1721 tioni
346 1677 370 1721 a
387 1659 592 1723 Demosthene
614 1660 644 1722 in
668 1659 795 1723 Midiam
825 1660 1013 1741 conscriptae
1035 1660 1183 1735 tribuere,
1206 1679 1283 1741 quae
1307 1658 1459 1723 sententia

246 1765 340 1828 etiam
362 1783 416 1847 per
439 1784 471 1828 ιι
493 1765 560 1847 ipsa
581 1766 708 1829 minime
732 1769 780 1830 est
801 1766 963 1848 probanda.
1018 1766 1109 1829 illam
1132 1765 1214 1829 enim
1237 1765 1459 1846 perorationem

246 1869 279 1933 in
302 1869 362 1933 alia
384 1871 518 1934 oratione
537 1872 679 1953 usurpari
702 1891 761 1935 non
777 1872 911 1955 potuisse
934 1872 993 1934 nisi
1009 1890 1070 1953 qua
1093 1872 1129 1936 de
1152 1891 1184 1935 re
1207 1871 1298 1935 huius
1313 1871 1459 1934 orationis

246 1976 402 2039 simillima
425 1979 566 2057 ageretur
595 1997 630 2041 ex
660 1977 755 2059 ipsius
785 1977 884 2041 verbis
917 1979 1023 2042 elucet.
1075 1978 1183 2059 Itaque
1206 1977 1258 2059 qui
1286 1977 1365 2040 hanc
1396 1975 1459 2039 Ειιι

245 2081 453 2146 coniecturam
484 2083 621 2147 admittit
608 2087 752 2147 teums
738 2087 872 2148 sattuere
902 2103 1024 2147 necesse
1055 2087 1101 2147 ιιι
1124 2083 1375 2147 Demosthemem
1405 2084 1460 2146 aut

250 2188 344 2250 aliam
367 2192 433 2251 orat
434 2189 533 2251 ionem
558 2189 594 2253 de
616 2190 723 2254 eadem
746 2190 857 2252 Midiae
880 2209 974 2253 causa
989 2191 1192 2271 composuisse
1216 2207 1344 2270 eamque
1367 2188 1459 2252 lenio-

249 2312 316 2356 rem
338 2297 393 2357 aut
414 2294 526 2359 itemm
543 2295 637 2359 simili
652 2296 740 2359 modo
764 2315 782 2359 a
804 2295 900 2358 Midia
915 2296 1061 2359 violatum
1085 2296 1116 2358 in
1138 2295 1187 2358 ius
1207 2314 1278 2358 eum
1293 2295 1457 2358 vocavisse.

249 2397 309 2462 Sed
339 2403 484 2464 neutmm
515 2403 634 2483 praeter
662 2401 726 2465 Ειιι
754 2401 924 2485 opinionem
955 2401 1122 2482 quidquam
1157 2401 1250 2465 habet
1283 2419 1342 2483 quo
1377 2419 1459 2465 com-

247 2505 416 2570 mundetur.

334 2611 443 2694 ltaque
465 2631 516 2676 ιιι
540 2631 617 2694 quas
639 2612 730 2677 llsius
753 2614 792 2676 ad
815 2631 904 2677 suam
927 2614 1111 2678 sententiam
1129 2613 1369 2676 confirmandam
1392 2632 1458 2695 pro·

251 2717 323 2780 tulit
345 2738 454 2782 causas
477 2722 544 2801 part
545 2719 589 2781 im
532 2720 703 2782 inullas
725 2719 837 2802 partim
861 2723 926 2783 tam
949 2720 1029 2784 leves
1053 2739 1119 2783 esse
1134 2719 1273 2782 videmus
1295 2720 1330 2781 ut
1346 2738 1457 2801 parum

248 2825 376 2887 valeant.
355 2824 527 2906 tIpsum
550 2825 658 2888 Esium
688 2845 749 2892 non
773 2829 821 2890 sat
822 2827 848 2889 is
808 2826 952 2889 tclare
980 2825 1017 2889 de
1048 2825 1161 2888 tradita
1187 2825 1330 2888 orationis
1359 2825 1457 2889 forme

248 2931 397 3009 cogitasse
420 2949 456 2994 ex
478 2950 512 2994 ιο
536 2934 662 3013 apparet
684 2931 763 3014 quod
791 2951 853 2995 non
876 2935 996 2995 constat
949 2932 1075 2995 tatsihi
1098 2932 1162 2994 eius
1186 2931 1222 2994 de
1245 2932 1304 2995 hac
1325 2949 1357 2994 re
1380 2931 1458 2994 iudi-

249 3036 340 3098 cium.
387 3036 468 3099 Nam
491 3055 562 3100 cum
583 3057 611 3119 p.
635 3039 655 3100 3
681 3038 763 3102 dicat
786 3040 936 3101 oratorem
964 3037 1013 3101 hic
1041 3038 1102 3101 illic
1125 3037 1276 3118 quaedam
1307 3039 1458 3118 conscrip-

250 3142 325 3205 sisse
349 3160 427 3223 quae
458 3142 485 3206 ιι
508 3143 669 3224 aliquando
691 3145 723 3206 in
746 3163 782 3208 ea
805 3144 937 3208 oratione
961 3164 996 3208 ex
1024 3163 1084 3207 usu
1114 3146 1216 3206 essent
1243 3143 1357 3218 futura,
1388 3143 1457 3226 post

249 3250 380 3312 mortem
403 3248 468 3312 eius
491 3253 594 3312 autem
618 3249 741 3314 avidum
772 3250 906 3331 aliquem
934 3250 1092 3312 librarium
1115 3268 1167 3312 eas
1198 3249 1331 3313 scidulas
1353 3268 1458 3332 reppe-

248 3353 323 3417 risse
346 3353 430 3416 etin
453 3373 548 3417 unam
576 3355 743 3419 orationem
771 3355 1010 3435 conglutinasse‚
1039 3355 1192 3418 nonnullis
1222 3355 1289 3418 aliis
1318 3356 1390 3419 locis
1415 3355 1457 3418 sic

247 3459 381 3540 loquitur
408 3463 445 3522 ut
467 3460 504 3524 de
527 3460 647 3524 duabus
678 3461 863 3526 orationibus
894 3481 912 3524 a
934 3461 1140 3525 Demosthene
1169 3461 1205 3524 de
1234 3461 1291 3524 hac
1320 3481 1353 3524 re
1376 3480 1457 3524 com-

247 3565 351 3647 positis
376 3565 514 3630 videatur
539 3567 696 3647 cogitasse.
744 3567 835 3631 Velut
856 3587 884 3650 p.
909 3568 950 3631 27
974 3567 1063 3630 dicit:
1098 3555 1196 3645 ‘Quae
1220 3569 1323 3630 ιιιιιιιι
1345 3567 1416 3631 inde
1439 3584 1457 3628 a

337 3813 356 3878 ¹)
376 3811 413 3865 Of.
433 3811 511 3879 §227
532 3805 623 3875 ἐπειδὴ
643 3805 667 3863 d'
683 3808 864 3882 ἐξελήλεγκται
884 3819 928 3863 καὶ
946 3818 1163 3882 προκατέγνωκεν
1181 3803 1291 3878 ὁὸἦμαι
1309 3808 1404 3862 τούτου
1423 3813 1456 3864 ιιί1

247 3893 318 3968 ἱερὸν
336 3896 595 3966 καθεζόμενοι...
614 3904 658 3949 καὶ
682 3893 762 3950 πάντ’
782 3904 857 3951 ἐστὶν
876 3905 904 3951 ἐν
922 3894 984 3967 ὑμῖν
1002 3899 1050 3966 μιᾷ
1072 3897 1152 3968 ψήφῳ
1171 3895 1390 3968 διαπράξασθαι,
1410 3898 1457 3950 νῦν

246 3981 372 4052 ὄκνήσιτε
391 3993 450 4056 ἑιιοὶ
468 3985 622 4056 βοηθῆσαι,
649 3987 688 4052 τιὸ
706 3984 782 4055 δήιιῳ
797 3989 978 4057 χαρίσασθαι,
998 3981 1058 4042 τοὺς
1076 3982 1167 4042 ἄλλοις
1186 3993 1397 4058 amponianum)
1397 3981 1454 4038 cord

246 4074 343 4142 πολιῆς
362 4069 557 4175 capuleiae
526 4081 602 4128 αυτοὶ
629 4097 659 4127 το
650 4070 771 4128 λοιπὸν
789 4073 899 4147 διάγειν,
919 4073 1089 4146 παράδειγμα
1107 4072 1269 4140 ποιήσαντες
1287 4075 1384 4127 τοῦτον
1401 4081 1455 4128 ιοῖιΙ

247 4158 348 4226 add-om
370 4161 482 4216 πάντων
506 4151 552 4216 odo
577 4168 653 4216 ἕνεκα
679 4185 735 4216 τιον
753 4167 912 4233 εἰρημένων,
937 4170 980 4214 καὶ
1003 4160 1119 4230 μαλιστα
1145 4184 1192 4216 τοι
1217 4163 1282 4215 θεοῦ
1298 4184 1379 4232 χιιοιν
1396 4166 1456 4230 περὶ

246 4277 460 4412 τιμωιιήσιισθι
460 4341 563 4394 τοῦτον.
