3142 4834
722 256 761 317 19

133 463 378 583 μεμελετηκέναι
408 488 428 550 γ
461 455 505 542 ιδς
525 462 595 552 ἐνῆν
616 456 796 547 μάλιστα
780 460 863 547 εμοί·
886 463 942 528 καί
966 457 1024 552 γάρ
1046 452 1086 529 όίν
1107 450 1266 542 άθλιος
1247 490 1292 551 ην,
1316 461 1344 530 εί

137 596 274 635 τοιαυτα
297 562 420 635 παθῶν
435 570 490 634 καί
513 563 688 658 πάσχων
670 595 702 654 νγ
680 553 852 634 ιίλουν
827 595 870 634 ων
892 569 967 657 περί
984 594 1103 636 τοιτιυν
1119 569 1201 658 ἐρεῖν
1216 567 1346 654 ἔμελλον

136 669 223 765 πρὸς
237 667 329 759 όμᾶς·
354 674 578 764 γεγραφέναι
565 675 675 759 μέντοι
697 700 754 760 μοι
776 669 832 740 τὸν
853 668 978 762 λόγον]
964 673 1117 757 Μ’,ειδιαν
1142 698 1219 761 qnae
1242 680 1290 742 vix
1312 665 1355 742 in'

133 786 277 868 probolae
292 785 410 848 actione
422 784 547 867 proferri
563 787 711 866 poterant,
728 804 800 848 oum
815 785 894 848 inter
908 785 1007 867 ipsam
1023 789 1053 850 et
1068 786 1213 849 iniuriam
1227 787 1346 849 illatam

137 892 354 955 brevissimum
374 891 519 972 temporis
543 891 678 972 spatium
693 891 887 954 interieotum
907 894 995 966 esset,
1019 891 1050 955 id
1070 891 1149 973 quod
1166 891 1347 956 Demosthe-

139 1018 193 1061 nes
217 1001 295 1061 oerte
319 997 358 1060 ad
380 996 581 1061 refutandum
597 997 709 1062 Midiae
732 999 950 1076 argumentum
972 999 1279 1062 oommemoravisset.

226 1120 271 1184 De
294 1120 311 1203 ξ
337 1121 506 1183 193-201
533 1120 569 1183 of.
594 1120 610 1202 ᾖ
630 1121 692 1183 193
716 1109 807 1201 οἶμαι
829 1115 933 1183 τοίνυν
956 1101 1049 1183 αὐτόν
1073 1108 1146 1186 οόδέ
1167 1115 1223 1184 τοῦ
1245 1111 1346 1208 δήμου

137 1229 322 1312 κατηγορεῖν
344 1213 487 1313 ὀκνήσειν
516 1213 589 1289 οόδέ
619 1222 675 1310 τῆς
706 1221 892 1311 ἐκκλησίας,
924 1212 993 1288 ἄλλ’
1022 1214 1107 1312 άπερ
1133 1213 1200 1289 τότ’
1227 1216 1347 1307 ἐτόλμα

133 1330 239 1416 λέγειν
260 1318 306 1394 ὅτ’
330 1315 366 1418 ἦν
387 1322 407 1418 ἡ
430 1322 584 1418 προβολή,
607 1328 706 1394 ταῦτα
728 1329 784 1394 καί
806 1328 858 1394 νόν
881 1328 962 1416 ἐρεῖν
983 1354 1014 1395 κ.
1030 1356 1058 1394 τ.
1075 1331 1103 1395 λ.
1142 1333 1159 1415 ἓ
1185 1334 1246 1396 197
1271 1321 1347 1396 όταν

134 1423 189 1501 οὖν
210 1435 305 1501 τοῖτο
335 1434 430 1524 ποιῇ,
461 1433 659 1518 ἐνθυμεῖσθε
688 1423 765 1521 παρ’
789 1426 862 1518 όμῖν
884 1425 1008 1516 αότοῖς,
1040 1424 1150 1524 δίνδρες
1181 1434 1344 1515 δικασταί,

133 1567 163 1606 κ.
188 1568 217 1606 τ.
241 1543 270 1606 λ.
293 1547 450 1626 praeterea
470 1544 486 1625 ἓ
512 1545 693 1608 198-200.

225 1652 271 1714 oe
294 1651 311 1732 ε
335 1651 509 1713 noa-204
532 1649 568 1713 ιι.
592 1651 610 1731 ς
634 1651 696 1712 202
721 1635 791 1712 ἀλλ’
809 1643 921 1740 apuys,
953 1644 981 1712 a
1009 1639 1143 1736 μωρὸς
1172 1645 1264 1712 ἕνεκα
1284 1647 1348 1713 aa

135 1743 248 1832 άλλων,
277 1751 341 1818 τιδν
370 1776 405 1839 γε
434 1751 633 1841 δημηγοριῶν
649 1803 656 1818 .
675 1803 682 1817 .
700 1804 732 1817 ..
757 1745 813 1840 τὴν
841 1749 992 1842 μεγίστην
1021 1742 1061 1817 δίν
1089 1742 1184 1818 αότόν
1213 1752 1348 1832 δικαίως

138 1852 230 1943 οἶμαι
253 1857 344 1947 δίκην
371 1858 490 1925 δοῦναι.
544 1862 650 1943 §204
680 1858 824 1936 τοιοῦτος
853 1851 911 1946 γάρ
938 1851 985 1939 εί,
1020 1857 1247 1925 Μειδία....
1277 1852 1348 1926 εἶτα

137 1958 319 2049 θαυμάζεις
342 1962 371 2030 εί
394 1958 494 2043 κακὸς
516 1963 624 2043 κακῶς
646 1954 781 2044 οίπολεῖ,Ι

223 2075 269 2137 De
293 2075 311 2156 ξ
335 2075 521 2137 205-207
546 2073 583 2137 cf.
606 2075 623 2155 ἐ
647 2075 711 2135 206
736 2067 784 2135 ἔτι
811 2068 916 2136 τοίνυν
938 2070 1118 2160 παρῆν...
1142 2071 1197 2136 καί
1220 2071 1347 2161 καθῆτο

136 2167 300 2262 Εόβουλος
329 2175 362 2242 ἐν
388 2175 434 2265 τῷ
463 2169 606 2264 θεάτρῳ,
638 2167 690 2242 δτε
719 2168 736 2241 δ
766 2176 866 2265 δῆμος
902 2171 1176 2266 κατεχειροτόνησε
1208 2175 1348 2243 Μειδίου

133 2309 164 2349 κ.
187 2310 216 2349 τ.
240 2284 269 2348 λ.

226 2393 272 2456 De
296 2393 314 2474 g
337 2393 509 2454 aua-212
534 2394 564 2455 et
585 2392 602 2473 ξ
627 2391 800 2454 ala-218
823 2392 887 2455 iam
911 2411 1002 2475 supra
1025 2392 1138 2476 (p.13)
1162 2393 1349 2456 monuimus,

224 2500 271 2562 De
294 2499 312 2580 ξ
335 2499 509 2560 alu-225
534 2497 571 2561 of.
588 2497 605 2580 ξ
622 2499 683 2560 221
710 2486 802 2582 δρᾶτε
825 2494 871 2560 δέ·
895 2485 1011 2560 αὐτίκα
1033 2489 1073 2584 δὴ
1094 2488 1191 2579 μάλα,
1216 2489 1350 2562 ἐπειδάν

135 2594 259 2691 ἀναστῇ
280 2594 319 2666 τό
341 2593 547 2690 δικαστήριον
561 2625 590 2666 κ.
606 2626 635 2666 τ.
650 2602 679 2666 λ.
703 2605 721 2687 ᾖ
738 2606 801 2666 222
824 2600 990 2690 μηδαμῶς,
1009 2587 1161 2689 ὦάνδρες
1184 2600 1345 2681 δικασταί,

134 2734 164 2775 κ.
190 2733 218 2774 τ.
243 2709 271 2773 λ.

224 2818 270 2880 Βε
293 2817 311 2898 ξ
335 2817 508 2880 226-227
532 2814 568 2880 of.
597 2816 615 2898 ξ
638 2816 702 2878 226
733 2803 820 2895 όμοῖν
844 2809 874 2878 οῖ
895 2806 1056 2897 θεώμενοι
1078 2818 1148 2892 τοῖς
1165 2811 1352 2892 Διονυσίοις

133 2913 279 2986 εἰσιόντα
294 2916 341 2997 είς
355 2911 393 2984 τό
408 2917 549 3005 θέατρον
568 2916 679 2984 τοῦτον
702 2916 878 3004 ἐσυρίττετε
900 2920 956 2984 καί
972 2912 1124 3000 ἐκλώζετε
1140 2970 1147 2984 .
1166 2971 1173 2985 .
1192 2969 1225 2985 ..
1250 2945 1351 3008 πρου-

135 3014 289 3092 καλεῖσθ’
312 3023 370 3090 ἐπί
392 3021 549 3112 τιμωρίαν
570 3016 625 3089 τόν
647 3017 811 3105 παθόντα,
843 3013 1014 3112 ἐκροτεῖθ),
1046 3014 1097 3091 ότε
1125 3019 1353 3115 προυβαλόμην

138 3123 233 3199 αὐτὸν
249 3130 283 3197 ἐν
298 3130 343 3218 τῷ
359 3124 460 3220 δημηι·
477 3134 495 3216 ξ
511 3135 574 3196 227
593 3123 707 3218 ἐπειδὴ
724 3119 752 3196 δ’
771 3123 988 3220 ἐξελήλεγκται
1011 3132 1067 3196 καί
1090 3131 1352 3219 προκατέγνωκεν

141 3230 158 3302 ό
180 3237 281 3328 δῆμος
302 3231 416 3304 τοότοο
431 3288 439 3302 .
457 3288 464 3302 .
483 3287 515 3302 ..
539 3235 595 3301 καί
626 3229 812 3315 δικάσοντες
837 3230 980 3319 είλίχατε
996 3287 1003 3302 .
1022 3287 1029 3302 .
1048 3288 1055 3302 .
1073 3288 1100 3316 .,
1125 3236 1176 3303 νῦν
1206 3227 1351 3304 όκνίσετε

143 3342 214 3428 ἐμοὶ
237 3343 401 3432 βοηθῆσαι
424 3368 453 3409 κ.
470 3368 497 3408 τ.
515 3343 543 3409 λ.

228 3455 362 3535 Apparet
376 3452 469 3532 igitur
483 3451 559 3516 duos
571 3455 695 3516 tantum
706 3453 786 3516 looos
801 3471 911 3534 eosque
925 3452 1128 3528 brevissimos,
1145 3453 1162 3535 g
1178 3452 1349 3517 rar-185

138 3560 203 3642 ετξ
223 3559 404 3634 189-190,
427 3559 460 3622 in
483 3576 519 3622 ea
541 3559 675 3622 oratione
699 3558 839 3622 oollooari
861 3558 995 3640 potuisse
1018 3576 1096 3640 quae
1112 3558 1194 3621 utin
1210 3558 1350 3640 probolae

137 3666 257 3730 aetione
282 3665 446 3729 haberetur
468 3664 621 3730 destinata
644 3666 733 3728 esset.
779 3664 838 3727 Eos
862 3666 966 3728 autem
996 3683 1100 3729 revera
1130 3683 1166 3728 ex
1198 3665 1253 3727 tali
1285 3684 1351 3728 ora-

138 3773 221 3836 tione
244 3772 438 3854 depromptos
460 3790 527 3835 esse
547 3788 644 3852 neque
668 3770 870 3834 demonstrari
886 3777 994 3852 neque,
1017 3789 1089 3834 oum
1106 3771 1225 3852 reliqua
1247 3771 1351 3834 omnia

141 3878 284 3942 orationis
306 3877 481 3941 iudiciariae
504 3877 574 3951 sint,
598 3876 679 3940 orodi
702 3879 809 3958 potest.
855 3876 964 3958 Itaque
981 3876 1205 3940 Waohendorfii
1229 3879 1350 3941 senten-

141 3985 216 4047 tiam
239 4003 301 4047 non
325 3984 424 4047 solum
447 3983 637 4064 argumentis
660 4000 726 4046 esse
748 3982 944 4058 destitutam,
974 3983 1027 4046 sed
1055 4001 1093 4046 ne
1116 4001 1203 4064 posse
1227 3982 1352 4064 quidem

142 4109 244 4154 veram
269 4109 338 4153 esse
360 4089 554 4171 perspiouum
577 4091 632 4153 est.

227 4196 296 4260 Iam
321 4195 479 4258 videamus
502 4195 613 4276 quibus
635 4194 726 4258 rebus
751 4193 841 4258 Esius
870 4193 949 4257 hano
979 4195 1148 4258 orationem
1170 4213 1206 4258 ex
1229 4193 1352 4257 soidulio

139 4322 159 4366 a
182 4303 391 4368 Demosthene
407 4301 584 4383 conseriptis
601 4319 619 4364 a
634 4301 755 4363 librario
779 4301 879 4380 aliquo
902 4299 1144 4380 conglutinatam
1167 4319 1233 4363 esse
1251 4303 1354 4363 osten-

1141 4407 1160 4468 2
1168 4404 1185 4440 *
