3142 4834
736 293 772 355 11

153 502 379 581 oonglutinasse
407 503 483 566 nihil
508 507 681 568 morantem
704 504 919 569 Demosthenis
943 506 1051 578 artem,
1080 503 1134 568 sed
1156 504 1212 566 hoo
1235 505 1358 566 tantum

153 612 314 672 ourantem
336 612 489 690 utquam
511 611 690 690 longissima
712 611 854 674 evaderet
877 611 983 686 oratio,
1008 629 1087 692 quae
1110 629 1204 690 quam
1226 609 1359 690 plurima

152 717 284 778 mereret
315 714 408 778 Sosiis
439 734 518 779 aera.
570 717 616 781 De
648 717 758 798 quihus
787 716 946 782 sententiis
983 716 1056 798 quid
1090 715 1290 780 iudicandum
1320 713 1361 778 sit
1409 773 1411 776 .

151 821 216 884 iam
238 821 405 886 videamus.

241 928 286 991 Ao
307 928 443 1010 primum
465 927 589 1010 quidem
603 928 854 993 Waohendorfius
867 930 890 1012 1)
912 929 983 992 Esio
1006 929 1174 993 assentitur
1195 925 1360 989 affirmanti

153 1033 225 1096 ferri
253 1053 313 1096 non
342 1053 430 1115 posse
458 1034 539 1115 quod
569 1035 601 1098 in
630 1035 687 1098 hae
718 1035 852 1100 oratione
881 1035 927 1099 his
955 1053 1061 1100 eorum
1093 1052 1171 1114 quae
1194 1032 1304 1095 Midias
1327 1031 1359 1094 in

152 1139 394 1203 Demosthenem
415 1141 579 1221 ohoregum
602 1141 770 1222 peooarerit
799 1140 1017 1205 demonstratio
1038 1142 1229 1222 proponatur.
1276 1138 1293 1219 ᾗ
1318 1138 1357 1198 12

153 1246 237 1310 enim
259 1249 409 1309 oratorem
431 1246 531 1310 verbis
553 1236 711 1328 βοίλομαι
733 1233 763 1310 δ’
780 1241 915 1310 ἕκαστον
934 1233 995 1309 ἀπ’
1017 1231 1113 1332 ἀρχῆς
1135 1225 1178 1306 ὧν
1200 1241 1361 1307 πέπονθα

153 1344 323 1429 ἐπιδείξας
344 1349 400 1414 καὶ
423 1350 498 1436 περὶ
519 1349 583 1414 τῶν
605 1350 737 1439 πληγῶν
758 1347 863 1416 εἰπεῖν
885 1336 924 1428 dg
946 1342 984 1415 τὸ
1006 1350 1185 1414 τελευταῖον
1206 1344 1358 1432 προσενέ-

151 1454 237 1520 τεινέ
256 1480 315 1538 μοι
335 1458 468 1521 indioare
489 1459 600 1540 quibus
623 1460 713 1523 rebus
736 1477 754 1524 a
776 1459 872 1523 Midia
894 1459 1026 1522 violatus
1048 1457 1088 1520 sit
1109 1438 1303 1520 ostentorum
1325 1474 1358 1518 se

151 1583 220 1628 esse
248 1566 295 1638 et,
325 1567 489 1646 postquam
515 1564 548 1627 in
575 1565 592 1647 ἓ
619 1567 657 1628 19
687 1565 785 1629 verbis
814 1555 855 1628 τὰ
882 1560 941 1645 μέν
969 1547 1022 1627 οὖν
1050 1557 1097 1639 εἰς
1120 1559 1177 1643 ἐμέ
1208 1551 1359 1636 καὶτοὺς

151 1665 293 1756 φυλέτας
307 1655 502 1756 ἠσελγημένα
523 1667 579 1732 καί
601 1667 677 1756 περὶ
699 1661 754 1757 τὴν
777 1661 885 1756 ἑορτὴν
899 1657 1083 1756 ἀδικήματα
1103 1658 1205 1752 τοίτιμ
1228 1689 1357 1749 πεπρα-

151 1771 254 1860 γμένα
278 1761 330 1862 ἐφ’
354 1763 404 1851 οἷς
426 1763 519 1839 αὗτὸν
542 1766 768 1862 προοβαλὸμην
788 1763 875 1839 ταῦτ’
900 1770 987 1840 ἐστιν
1008 1797 1037 1838 κ.
1055 1798 1082 1837 τ.
1100 1773 1128 1837 λ.
1152 1774 1228 1838 illud
1242 1773 1361 1838 faotum

150 1901 220 1946 esse
243 1881 466 1961 significaverit,
489 1882 579 1964 paulo
600 1886 669 1964 post
690 1883 707 1965 ᾖ
731 1884 782 1958 21,
806 1883 894 1965 quasi
917 1883 982 1947 eius
1004 1882 1047 1946 rei
1076 1881 1263 1944 mentionem
1285 1898 1360 1942 non-

149 1988 228 2051 dum
250 1988 363 2063 feeerit,
386 2006 497 2051 novam
512 2007 674 2070 proponere
691 1989 979 2053 demonstrationem
995 1988 1012 2070 ξ
1029 1989 1067 2050 21
1087 1987 1186 2051 verbis
1210 1980 1360 2068 ἐξελέγξω

150 2091 190 2156 δέ·
213 2089 343 2180 πρῶτον
363 2088 423 2173 μέν
445 2081 507 2155 ὅσα
528 2079 622 2169 αὐτὸς
646 2082 811 2180 ὑβρίσθην,
836 2081 951 2158 ἔπειθ’
969 2081 1029 2156 ὅσα
1044 2084 1142 2174 ὑμεῖς·
1158 2081 1239 2173 μετὰ
1260 2086 1360 2153 ταῦτα

151 2195 191 2263 δέ
213 2189 347 2262 καὶτὸν
369 2185 473 2277 ἐίλλον,
497 2183 524 2262 ὦ
546 2186 657 2285 ἄνδρες
670 2187 851 2286 Ἀθηναῖοι,
876 2196 949 2282 βίον
971 2187 1066 2264 αι’τοῦ
1088 2189 1197 2262 πάντα
1219 2185 1359 2275 ἐξετάσω

151 2327 184 2368 κ.
200 2327 229 2366 τ.
245 2303 274 2367 λ.
327 2304 387 2370 Sed
415 2306 558 2386 equidem
591 2306 710 2371 nullam
738 2307 823 2370 video
853 2325 981 2371 oausam
1020 2325 1074 2370 our
1109 2306 1142 2369 in
1171 2305 1231 2368 illis
1261 2303 1360 2367 verbis

152 2410 345 2476 haerendum
368 2411 416 2486 sit,
438 2412 527 2475 modo
550 2415 630 2476 reete
652 2412 772 2494 singula
794 2412 1020 2492 intellegantur.
1065 2411 1114 2475 Illi
1136 2410 1218 2475 enim
1232 2410 1360 2474 verbum

155 2511 325 2594 ἐπιδείξας
347 2518 427 2598 quod
456 2518 473 2600 ξ
499 2519 538 2580 12
569 2518 680 2600 legitur
707 2519 783 2583 falso
811 2519 1059 2601 interpretantur.
1106 2515 1190 2596 Quae
1220 2533 1276 2580 ror
1304 2515 1362 2578 hoo

153 2624 220 2686 loeo
249 2641 323 2698 non,
353 2625 389 2686 ut
419 2624 462 2685 illi
490 2623 610 2699 volunt,
637 2624 866 2688 demonstrandi
892 2624 956 2687 vim
977 2624 1086 2699 habet,
1109 2622 1162 2686 sed
1185 2620 1360 2704 explicandi,

153 2728 331 2810 exponendi.
377 2729 490 2794 Vooem
514 2719 731 2792 ἐπιδεικνύναι
752 2733 856 2794 autem
879 2749 948 2794 eam
963 2731 1117 2792 notionem
1139 2728 1250 2791 hahere
1272 2746 1360 2810 posse

153 2835 286 2898 dilooide
308 2837 434 2917 apparet
456 2838 487 2899 et
509 2853 544 2898 ex
567 2835 635 2900 aliis
664 2837 809 2918 exemplis
837 2839 867 2900 et
889 2854 925 2899 er
946 2835 983 2899 iis
1002 2819 1086 2916 ¹quae
1108 2835 1306 2899 inveniuntur
1327 2834 1360 2896 in

153 2940 364 3022 Xenophontis
394 2941 579 3022 expeditione
610 2940 682 3023 Cyri
710 2942 725 3004 Ι
749 2943 777 3016 3,
802 2943 842 3005 13
872 2945 903 3004 et
926 2941 985 3004 VH
1007 2941 1036 3016 4.
1060 2942 1111 3004 23.
1122 2941 1146 3025 2)
1199 2940 1307 3022 ltaque
1335 2940 1362 3002 si

153 3049 212 3111 hoo
235 3065 356 3128 quoque
378 3047 442 3110 looo
465 3047 553 3110 illam
575 3065 680 3112 rooem
695 3065 732 3111 ea
746 3048 777 3110 vi
790 3049 973 3128 usurpatam
991 3065 1057 3111 esse
1082 3049 1237 3128 putemne,
1259 3045 1362 3110 omnia

154 3154 188 3216 in
211 3153 323 3234 quihus
346 3153 391 3216 illi
406 3152 595 3216 offenderunt
617 3153 756 3217 videmus
778 3153 870 3234 plana
894 3172 961 3216 esse
977 3156 1070 3234 atque
1087 3155 1168 3234 apta.
1199 3152 1363 3216 Polhoetur

155 3259 238 3323 enim
261 3261 362 3322 orator
384 3259 401 3340 ξ
426 3259 466 3321 12
491 3277 523 3322 se
553 3259 591 3322 ab
620 3259 706 3322 initio
736 3277 813 3340 quae
843 3259 990 3340 ohoregus
1018 3259 1155 3322 aMidia
1182 3276 1292 3340 passus
1321 3258 1362 3321 sit

156 3365 379 3447 explicaturum
401 3383 477 3428 esse.
523 3362 609 3443 Quod
637 3366 822 3447 promissum
843 3368 1007 3447 postquam
1039 3367 1200 3429 exsecutus
1223 3366 1270 3428 est
1292 3362 1362 3427 inde

245 3557 437 3626 pulpa

244 3646 265 3713 ²)
284 3645 298 3698 I
317 3647 341 3714 3,
362 3646 395 3698 13
423 3649 451 3695 ἐκ
472 3643 501 3696 δέ
526 3641 621 3696 τοίποο
646 3637 792 3696 α’νίσταντο
819 3643 845 3698 οἱ
861 3648 912 3712 μὲν
937 3649 964 3696 ἐκ
988 3645 1035 3696 τοῦ
1060 3639 1218 3712 αι’πομιὶτον,
1244 3643 1363 3704 λέξοντες

158 3725 175 3782 ίέ
193 3739 361 3806 ἐγίγνωσκον,
382 3732 409 3784 σί
425 3731 456 3784 δέ
473 3738 518 3783 καὶ
535 3725 578 3784 ὑπ’
597 3738 697 3784 ἐκείνου
716 3731 886 3803 ἐγκέλευστοι,
907 3731 1098 3788 ἐπιδεικνύντες
1117 3735 1160 3785 σία
1181 3735 1220 3798 εἴη
1235 3727 1250 3798 ἡ
1265 3726 1363 3802 ιῖπσρία

160 3815 219 3872 ἄνευ
237 3821 284 3887 τῆς
311 3818 398 3891 Κύρου
422 3817 528 3891 γνώμης
551 3826 595 3872 καὶ
619 3827 710 3888 με’νειν
731 3827 775 3872 καὶ
799 3814 914 3872 Anatho.
951 3821 1003 3875 VII
1021 3823 1046 3888 4,
1065 3822 1168 3874 22-23
1188 3821 1215 3874 αἱ
1231 3821 1261 3874 δὲ
1281 3825 1361 3872 θινοὶ

161 3913 214 3960 ἐπεὶ
232 3908 306 3962 εἶδον
324 3903 378 3961 dero
395 3908 443 3960 ‘cod
461 3903 535 3977 ὄρσας
552 3903 662 3963 πολλοὺς
679 3913 731 3976 μὲν
747 3902 863 3968 ὁπλίτας,
882 3904 992 3964 πολλοὺς
1016 3909 1047 3962 δέ
1070 3906 1227 3970 πελταστάς,
1253 3903 1364 3963 πολλοὺς

1179 3981 1187 3996 .

161 3995 189 4048 δέ
206 3997 308 4058 ἱππίας,
328 3994 494 4064 καταβάντες
513 3995 629 4048 ἱκέτευον
647 3998 825 4058 σπείσασθαι,
844 4003 888 4047 καὶ
900 3994 990 4049 πάντα
1009 3991 1161 4068 ιδμαλόγοιν
1177 3995 1302 4062 ποιήσειν
1319 4003 1365 4048 καί

159 4081 240 4138 πιστὰ
257 4082 407 4154 λαμβάνειν
425 4083 549 4136 ἐκέλευον.
568 4078 583 4136 ὁ
601 4083 631 4137 δέ
650 4082 757 4150 Σεύθης
774 4083 885 4140 καλέσας
909 4080 957 4137 τὸν
981 4086 1141 4156 Ξενοφῶντα
1161 4084 1327 4138 ἐπεδείκνυεν
1345 4077 1363 4135 ἐτ’

159 4171 264 4244 λέγοιεν,
289 4179 334 4225 καὶ
353 4167 398 4226 οὗκ
417 4177 468 4243 epp
492 4174 668 4234 σπείσεσθαι,
695 4176 718 4224 εί
742 4173 868 4243 Ξενοφῶν
889 4170 1013 4240 βούλοιτο
1036 4171 1248 4242 τιμωρήσασθαι
1270 4167 1364 4227 αὐτοὺς

159 4261 204 4326 τῆς
221 4263 376 4316 ἐπιθέσεως.
414 4261 453 4316 Cf.
473 4263 606 4328 praeterea
623 4261 741 4315 Platonis
760 4261 835 4330 Gorg.
855 4261 907 4315 464
925 4261 955 4316 Β.
982 4262 1085 4331 Pnotag.
1105 4261 1205 4316 341Β.
1228 4261 1362 4315 Phaedon.

162 4350 210 4404 100
226 4351 257 4405 B.
