3142 4834
793 235 835 297 40

217 449 292 511 sime
315 446 460 510 convenit
440 445 605 510 tNefas
634 449 688 510 aut
689 465 736 510 ern
768 447 903 509 aMidia
934 447 1133 510 commissum
1161 447 1323 512 insolentia
1351 447 1416 511 eius

216 553 399 616 contineri
391 573 423 614 m
451 553 536 615 initio
565 553 736 633 partitionis
768 551 799 633 (ξ
822 553 874 634 19)
906 553 1043 616 obiter
1035 571 1099 634 ipse
1127 555 1226 616 orator
1248 553 1392 617 indicat'
1350 556 1418 617 trn

215 678 313 722 unum
336 677 372 722 ea
393 659 440 722 his
460 659 559 722 verbis
583 659 769 738 coniungens
791 648 831 720 τὰ
846 653 905 739 μὲν
921 641 973 720 οὖν
987 651 1034 733 εἰς
1049 653 1107 738 ἐμὲ
1123 656 1178 720 καί
1192 648 1266 734 τοὺς
1280 655 1416 746 φυλέτας

224 751 233 776 )
363 761 371 782 l
485 760 491 780 1
1119 754 1127 778 Ι

217 856 269 956 ἐφ)
293 858 342 944 οἷς
364 855 457 931 αίτὸν
478 859 704 954 προυβαλόμην
724 855 810 932 ταῦτ’
843 863 912 932 ἔστι
934 891 963 931 κ.
976 891 1003 931 τ.
1016 867 1044 932 λ.
1090 869 1177 933 Idem
1200 871 1275 933 mihi
1298 870 1417 935 ridetur

215 975 354 1040 concludi
375 995 464 1056 posse
486 994 521 1038 ex
543 979 561 1055 ξ
585 976 623 1038 51
647 976 748 1039 verbis
780 969 808 1038 εί
837 971 896 1054 μὲν
927 970 1038 1052 τοίνυν,
1063 959 1089 1037 ὦ
1112 961 1222 1060 ἀνδρες
1235 963 1415 1062 Ἀθηναῖοι,

214 1071 258 1167 μὴ
278 1071 411 1166 χορηγὸς
432 1066 475 1144 dv
495 1067 582 1143 ταῦτ’
606 1071 806 1143 ἐπεπόνθειν
826 1069 892 1143 ὑπὸ
910 1075 1056 1158 Μειδίου,
1081 1068 1169 1168 ἀβριν
1190 1067 1229 1143 ἶνίν
1248 1104 1300 1157 τις
1321 1071 1418 1162 μὸνον

216 1183 357 1270 κατέγνω
386 1183 450 1248 τῶν
480 1183 714 1270 πεπραγμένων
735 1173 829 1271 αι’τρῖ·
852 1183 903 1248 νῖν
924 1183 960 1248 δέ
981 1209 1037 1266 μοι
1060 1185 1164 1265 δοκεῖ,
1189 1171 1248 1250 κάν
1269 1174 1418 1270 ἀσέβειαν

216 1287 244 1356 εί
266 1282 530 1376 καταγιγνώσκοι,
561 1282 602 1354 τά
626 1282 830 1377 προσήκοντα
851 1294 969 1354 ποιεῖν.
1001 1285 1071 1354 ’ίστε
1099 1282 1158 1377 γὰρ
1186 1282 1292 1379 δήπου
1313 1290 1415 1370 τοῖπο,

217 1387 266 1462 ὅτι
288 1388 362 1473 τοὺς
381 1387 491 1481 χοροὺς
512 1386 601 1478 ὑμεῖς
624 1386 770 1472 ἅπαντας
797 1387 926 1473 τοίπους
953 1395 1010 1460 καί
1040 1388 1113 1474 τοὺς
1143 1386 1256 1479 ἀμνους
1277 1394 1324 1484 τῷ
1347 1394 1417 1485 θεῷ

216 1505 341 1567 ποιεῖτε
364 1490 399 1567 οὗ
419 1493 515 1585 μόνον
537 1493 619 1566 κατὰ
640 1494 714 1578 τοὺς
729 1494 843 1584 νόμους
856 1494 931 1579 τοὺς
945 1500 1020 1589 περί
1042 1500 1106 1576 τῶν
1126 1499 1312 1583 Διονυσίων,
1337 1492 1419 1568 ἀλλὰ

215 1608 271 1672 καί
286 1600 368 1672 κατὰ
384 1599 442 1684 τὰς
455 1604 613 1691 μαντείας,
633 1604 666 1671 ἒν
680 1597 732 1685 αἷς
747 1598 894 1685 ἀντάσαις
907 1597 1096 1731 ἀνρρημίνον
1112 1598 1254 1696 εὑρήσετε
1268 1607 1307 1696 τῇ
1322 1601 1421 1674 πόλει

217 1706 336 1797 ὁμοίιος
358 1711 395 1777 ἐκ
411 1711 547 1832 Δελφῶν
562 1714 619 1777 καί
636 1712 672 1778 ἐκ
690 1707 858 1801 Δωδώνης,
874 1737 984 1801 χορους
1001 1705 1127 1778 ιστοῖναι
1142 1706 1224 1779 κατὰ
1238 1706 1279 1779 τὰ
1294 1706 1421 1801 πάτριοι

216 1821 273 1886 καί
292 1818 402 1884 κνισᾶν
423 1808 535 1905 ἀγυιὰς
556 1818 611 1884 καί
634 1823 883 1938 στεφανηφορεῖν
905 1826 935 1885 et
959 1841 995 1885 ex
1016 1824 1035 1901 ξ
1060 1822 1100 1884 55
1124 1826 1197 1886 extr.
1220 1812 1276 1885 τὸν
1298 1844 1351 1886 ουν
1373 1844 1422 1898 εις

216 1951 287 1990 τινα
315 1949 435 1990 τουτων
462 1949 525 1988 τιον
552 1948 754 2012 χορευτων
735 1913 755 1988 'r
783 1923 846 1989 τῶν
875 1922 1015 2052 γορηγῶν
1036 1915 1241 2011 υβρίζσντα
1226 1949 1271 1989 επ
1305 1922 1420 2014 εχθρᾳ,

216 2031 272 2096 καί
294 2019 381 2096 ταῖτ
406 2029 438 2095 ἐν
465 2019 550 2118 αὗτφ
578 2055 624 2118 τφ
652 2020 751 2116 ἀγῶνι
778 2031 834 2095 καί
869 2029 901 2094 ἐν
928 2029 974 2118 τῷ
1004 2028 1060 2096 τοῦ
1082 2026 1199 2096 θεοῦ(
1190 2030 1279 2118 τυρῷ,
1308 2055 1423 2097 τουτον

217 2126 294 2202 ἀλλο
316 2162 349 2202 τι
371 2128 456 2224 πλὴν
484 2125 611 2220 ἀσεβεῖν
642 2128 802 2225 φήσομεν,Ι
847 2140 893 2202 Ad
922 2139 1160 2202 confirmandam
1184 2141 1288 2203 autem
1310 2140 1424 2221 princi-

217 2247 318 2328 palem
339 2245 579 2309 criminationem
603 2245 719 2327 reliqua
733 2245 846 2308 Midiae
870 2246 996 2310 scelesta
1017 2245 1151 2309 facinora
1173 2245 1332 2309 additurus
1355 2249 1425 2310 erat

217 2355 325 2427 orator,
349 2370 426 2432 quae
449 2353 482 2414 in
505 2351 682 2415 universum
704 2353 723 2430 ξ
741 2353 779 2413 19
804 2353 877 2414 extr.
900 2351 997 2414 verbis
1022 2345 1082 2430 ἔχω
1098 2347 1134 2413 δὲ
1153 2347 1255 2434 λέγειν
1276 2347 1332 2412 καί
1355 2374 1423 2414 πο-

217 2453 324 2544 νηρίας
347 2452 455 2541 ἑτέροις
476 2454 695 2542 παμπληθεῖς
715 2443 810 2519 αὐτοῦ
832 2454 888 2518 καί
911 2443 1017 2539 ῖβρεις
1039 2450 1087 2532 είς
1101 2447 1241 2533 πολλοὺς
1262 2445 1349 2537 ὑμῶν
1363 2454 1425 2520 καί

216 2554 403 2649 τολμήματα
424 2557 480 2625 τοῦ
501 2558 617 2645 μιαροῦ
639 2552 751 2624 τοίτου
772 2551 879 2624 πολλὰ
901 2559 957 2624 καί
980 2552 1068 2625 δεινὰ
1090 2584 1119 2625 κ.
1142 2584 1169 2625 τ.
1194 2561 1221 2625 λ.
1246 2564 1426 2644 complecti-

218 2675 276 2734 tur.
326 2669 502 2732 Secundum
529 2670 612 2732 hunc
641 2669 735 2748 igitur
764 2668 905 2732 orationis
933 2668 1069 2733 ordinem
1096 2688 1144 2732 res
1173 2669 1216 2732 ita
1238 2672 1257 2748 ξ
1280 2670 1318 2731 21
1344 2672 1425 2734 extr.

218 2775 372 2840 distribuit
392 2777 427 2838 ut
449 2776 546 2856 priore
567 2775 631 2838 ioco
655 2774 796 2855 bipartito
818 2774 1020 2854 ignominiam
1043 2775 1170 2838 aMidia
1193 2775 1251 2838 sibi
1274 2777 1304 2838 et
1326 2776 1426 2839 Athe-

216 2882 373 2946 niensibus
391 2881 508 2944 illatam
527 2899 558 2943 se
576 2880 866 2955 demonstraturum,
890 2880 983 2944 altero
1004 2880 1154 2961 reliquam
1166 2882 1231 2944 eius
1244 2881 1339 2944 vitam
1351 2900 1427 2946 exa-

216 2989 408 3051 minaturum
422 3005 488 3050 csse
504 2986 593 3050 dicat.
622 2986 711 3049 Hanc
725 2987 819 3066 igitur
833 3004 936 3049 rerum
953 2987 1063 3049 scriem
1086 2987 1112 3049 si
1128 2989 1228 3050 orator
1245 2987 1425 3068 explicando

218 3095 339 3158 secutus
352 3094 441 3167 esset,
452 3092 548 3173 priore
560 3093 623 3155 loco
635 3092 719 3173 prius
731 3091 843 3155 Midiae
854 3092 1017 3155 insolentia
1030 3111 1061 3155 se
1075 3091 1193 3173 ipsum,
1206 3091 1313 3155 deinde
1327 3093 1425 3156 simul

216 3199 414 3262 Athenienses
437 3198 619 3262 contumelia
635 3196 756 3261 affectos
778 3215 844 3261 esse
865 3198 909 3261 ita
924 3197 1162 3261 demonstrasset
1183 3200 1219 3261 ut
1243 3198 1425 3278 religionem

217 3306 364 3369 violatam
387 3322 452 3368 esse
468 3306 636 3386 appareret,
658 3304 819 3385 posteriore
835 3303 872 3368 de
886 3304 1002 3385 reliqua
1018 3303 1130 3367 Midiae
1145 3303 1207 3367 rita
1223 3304 1423 3386 exposuisset.

219 3410 278 3475 Sed
294 3410 373 3492 quod
389 3410 428 3474 ad
441 3409 571 3492 priorem
585 3411 689 3473 locum
703 3410 853 3491 pertineat
865 3409 940 3472 nihil
963 3410 1100 3490 sequitur
1111 3410 1172 3474 nisi
1187 3410 1318 3473 aurificis
1333 3411 1425 3474 testi-

217 3516 355 3580 monium
372 3516 446 3580 satis
463 3516 590 3597 abrupte
611 3517 773 3597 prolatum,
795 3518 871 3590 tum,
894 3517 1055 3597 tamquam
1076 3516 1192 3597 reliqua
1215 3516 1327 3580 omissa
1349 3515 1424 3594 sint,

218 3623 366 3686 transitus
381 3625 507 3702 paratur
529 3620 567 3684 ad
587 3621 789 3685 enarrandam
810 3622 959 3703 reliquam
981 3623 1025 3685 rei
1040 3622 1135 3686 ritarn
1157 3622 1206 3684 his
1228 3623 1304 3701 §23
1320 3622 1423 3686 verbis

218 3717 325 3790 πολλὰ
346 3724 405 3808 μὲν
426 3721 545 3803 τοίνυν,
576 3710 602 3788 oi
623 3712 733 3811 ἀνδρες
751 3713 939 3813 Ἀθηναῖοι,
971 3725 1027 3790 καί
1048 3724 1124 3811 περί
1147 3707 1190 3789 ὧν
1210 3717 1284 3803 τοὺς
1305 3711 1424 3804 ἀλλους

228 3821 237 3846 )
397 3827 404 3849 ι
598 3819 614 3845 (ί
1226 3830 1233 3849 r

217 3928 322 4027 ῖβρεις
338 3925 432 4002 αὐτοῦ
450 3936 507 4002 καί
529 3925 660 4019 ἀτιμίας
675 3929 831 4014 τοσαίτας
848 3927 926 4015 ὅσας
941 3927 1123 4002 ἀκούσεσθε
1138 3925 1252 4002 αὐτίκα
1267 3930 1306 4025 δὴ
1321 3928 1420 4020 μάλα.

218 4048 372 4122 Attamen,
394 4048 557 4128 postquam
574 4045 689 4126 aliquot
703 4043 814 4109 Midiae
836 4047 1044 4110 excusationes
1060 4047 1222 4126 occupatae
1239 4050 1319 4122 sunt,
1343 4065 1421 4128 quas

219 4155 289 4217 ante
311 4153 460 4234 reliquam
482 4152 596 4218 Midiae
617 4153 714 4230 vitam
736 4152 965 4216 describendam
995 4169 1026 4214 so
1054 4155 1325 4233 praesumpturum
1353 4171 1421 4218 esse

217 4261 283 4342 ipse
306 4261 405 4323 orator
426 4260 445 4339 ξ
468 4260 509 4322 24
531 4260 630 4324 verbis
657 4247 814 4340 βούλομαι
844 4253 880 4320 δὲ
902 4248 967 4340 πρὸ
995 4245 1113 4319 τοίπων
1142 4250 1247 4319 εἰπεῖν
1270 4244 1320 4332 οἷς
1343 4252 1421 4321 ἐπι-
