3142 4834
154 501 294 560 mentum
316 495 551 576 infringendum.
597 496 704 577 ltaque
728 497 850 559 tantum
874 495 960 558 abest
986 495 1022 557 ut
1044 493 1177 574 Hauptio
1200 493 1357 566 assentiar,

154 603 206 686 qui
228 603 314 666 illam
338 602 527 684 particulam,
552 621 624 665 oum
647 603 685 666 ab
708 601 918 683 interpolatore
941 599 1042 680 aliquo
1059 600 1163 662 addita
1186 599 1235 674 sit,
1258 599 1359 662 delen-

153 709 227 772 dam
257 727 323 772 esse
352 711 469 782 censet,
493 711 528 771 ut
556 709 613 772 hoo
647 708 710 771 looo
741 727 810 771 eam
841 705 1054 770 refutationem
1076 704 1270 787 aptissimam
1292 723 1358 769 esse

154 815 290 878 arbitrer.
346 813 414 877 Non
444 817 509 876 tam
541 832 632 894 grave
662 813 739 877 mihi
766 813 886 876 videtur
922 811 1000 892 quod
1029 811 1133 893 5198
1163 809 1359 875 eadam0fero

152 920 244 984 verba
272 916 327 981 καὶ
357 908 476 994 πάντες
503 912 566 981 εἰσί
595 908 697 1002 τοτ’τηι
729 908 927 1002 καθάρματα
960 914 1016 979 καὶ
1049 912 1175 996 πτωχοὶ
1208 914 1264 978 καὶ
1291 902 1358 979 ,oo'd'

153 1009 327 1109 άνθρωποι
355 1027 534 1106 repetuntur
566 1043 643 1105 quae
671 1024 734 1088 iam
757 1025 774 1106 5
800 1024 861 1086 185
891 1023 1086 1086 inveniuntur
1114 1018 1170 1084 καὶ
1198 1011 1272 1097 τοὺς
1300 1018 1359 1102 μὲν
1422 1023 1425 1030 “

51 1201 55 1207 ,
152 1120 310 1209 πτιοχοάς,
339 1120 413 1206 τοὺς
443 1126 479 1192 δὲ
502 1119 708 1212 καθάρματα,
736 1119 810 1204 τοὺς
832 1115 862 1191 δ’
892 1115 983 1192 οὐδὲν
1010 1116 1246 1208 ὑπολαμβάνων
1266 1117 1358 1189 εἶναι.

152 1237 235 1300 Nam
258 1239 386 1317 utroque
408 1237 472 1300 loeo
497 1255 533 1299 ea
555 1236 646 1299 verba
674 1235 706 1298 in
729 1235 845 1316 diverso
874 1253 976 1299 rerum
997 1237 1139 1297 eontentu
1165 1234 1263 1315 posita
1286 1235 1360 1296 sunt

151 1345 183 1406 et
205 1343 354 1424 optimam
376 1341 522 1424 praebent
554 1343 738 1407 sententiam
765 1361 863 1422 neque
896 1340 984 1404 aliter
1006 1343 1155 1404 oratorem
1177 1359 1243 1403 rem
1266 1358 1360 1421 quam

151 1449 323 1529 significare
352 1449 471 1511 volebat
502 1451 568 1511 tam
602 1449 712 1512 aeriter
745 1449 837 1528 atque
867 1446 1000 1527 graviter
1028 1447 1192 1528 exprimere
1226 1445 1361 1527 potuisse

150 1554 299 1618 existimo.
350 1553 453 1616 Etiam
481 1553 587 1617 maiori
621 1553 777 1618 offensioni
808 1556 910 1617 essent
946 1553 963 1634 5
989 1553 1050 1615 199
1081 1552 1173 1615 verba
1201 1551 1360 1615 aBlassio

149 1661 324 1742 vituperata
346 1653 396 1735 τίς
418 1648 477 1743 γάρ
500 1655 588 1722 ἐστιν
611 1645 701 1734 ὅστις
729 1653 1034 1744 καταχειροτονηθὲν
1067 1643 1170 1734 edred,
1195 1654 1251 1719 καὶ
1273 1642 1359 1718 ταῦτ’

149 1753 279 1847 ἀσεβεῖν
301 1761 376 1849 περὶ
399 1755 454 1851 την
477 1755 593 1851 ἑορτήν,
617 1759 645 1828 εἰ
668 1760 724 1826 καὶ
746 1761 858 1851 μηδεὶς
881 1749 979 1839 daton
1001 1758 1083 1850 ἐπῆν
1104 1750 1190 1846 άγιῖιν
1212 1757 1260 1825 ἔτι
1281 1757 1362 1847 μηδὲ

149 1867 303 1948 κίνδινος,
329 1857 385 1933 οὐκ
414 1857 453 1933 άν
483 1857 538 1932 ἐπ’
570 1857 655 1956 αὐτῷ
685 1860 787 1954 τοάτηι
816 1865 933 1932 κατέδει
963 1866 1018 1932 καὶ
1047 1853 1176 1954 μέτριον
1205 1865 1363 1952 παρέσχεν

148 1967 262 2041 ἑαυτὸν
281 1966 337 2039 τόν
358 1997 393 2062 γε
417 1967 456 2062 δὴ
478 1975 570 2061 μέχρι
592 1974 649 2062 τῆς
670 1971 804 2060 κρίσεως
825 1966 942 2061 χρόνον,
974 1969 1003 2037 εἰ
1024 1972 1081 2037 καὶ
1102 1965 1146 2060 μη
1175 1963 1302 2052 πάντα,·
1337 1975 1362 2037 si

147 2071 237 2168 ἀγών
257 2087 348 2164 atque
370 2077 514 2158 κίνδυνος
542 2083 582 2146 ad
611 2083 759 2147 iudioium
790 2082 959 2146 seoundum
982 2070 1144 2165 προβολήν
1167 2080 1361 2144 subeundum

148 2191 323 2272 speetarent
344 2189 485 2270 idemque
508 2191 610 2253 essent
633 2192 724 2270 atque
748 2207 825 2270 quae
849 2191 953 2270 postea
982 2181 1090 2272 κρίσις
1112 2189 1245 2250 voratur.
1301 2185 1361 2250 Sed

148 2297 251 2360 omnis
273 2295 475 2376 repugnantia
491 2296 614 2368 tollitur,
642 2296 669 2358 si
690 2295 722 2358 id
738 2297 893 2359 oertamen
917 2296 1008 2374 atque
1031 2293 1181 2357 iudioium
1197 2292 1363 2372 signifioari

149 2401 318 2465 statuimus
334 2401 414 2482 quod
436 2401 486 2464 ille
503 2401 659 2466 subiturus
676 2401 731 2476 sit,
760 2400 785 2464 si
800 2400 922 2472 interim
937 2399 1073 2463 modeste
1097 2417 1129 2462 so
1145 2418 1207 2462 non
1222 2399 1362 2480 gesserit,

149 2508 204 2572 sed
230 2506 298 2570 aliis
324 2507 417 2570 etiam
440 2507 625 2571 lauinoribus
648 2525 759 2571 oausae
782 2525 855 2570 suae
878 2505 1098 2569 obtreotaverit.

241 2612 363 2694 Optimo
385 2631 472 2694 porro
486 2613 552 2677 inre
567 2613 694 2676 haerent
709 2613 765 2676 viri
780 2612 860 2675 dooti
878 2610 1041 2693 (Sohaet'er,
1057 2611 1158 2686 Euius,
1169 2611 1192 2695 ¹)
1210 2609 1361 2694 Blassius)

149 2721 182 2782 in
207 2719 246 2782 iis
271 2737 348 2800 quae
371 2719 516 2798 leguntur
537 2718 606 2782 inde
630 2737 648 2782 a
671 2718 778 2800 5205.
817 2717 855 2780 In
877 2717 969 2780 huius
993 2716 1075 2780 enim
1089 2716 1256 2798 partioulae
1278 2715 1364 2779 initio

150 2845 208 2890 vox
233 2805 325 2900 οὗτος
346 2825 509 2900 invenitur,
534 2844 594 2906 qua
609 2825 767 2888 Eubulum
790 2826 881 2888 antea
904 2823 1040 2886 nondum
1056 2823 1250 2886 nominatum
1273 2821 1365 2902 signi-

150 2931 238 2994 fioari
265 2931 282 3012 5
306 2932 369 2993 206
401 2930 527 2994 demum
557 2931 752 3010 intellegitur.
807 2928 887 2992 Tum
915 2929 1016 3010 ipsum
1040 2947 1158 3010 quoque
1180 2928 1198 3010 5
1222 2928 1284 2990 205
1307 2927 1365 2990 ini-

152 3038 233 3101 tium
256 3036 383 3100 minime
405 3036 513 3118 planet.
566 3038 666 3100 Antea
689 3035 771 3100 enim
799 3033 956 3117 exponitur
988 3035 1100 3115 quibus
1129 3034 1221 3098 rebus
1252 3032 1363 3096 Midias

151 3143 269 3207 iudioes
291 3141 395 3206 fallere
419 3144 583 3205 oonatums
607 3141 654 3216 sit,
686 3143 717 3205 et
738 3141 756 3223 5
780 3142 842 3204 205
876 3140 915 3203 ad
938 3159 989 3204 eos
1019 3140 1071 3221 qui
1099 3159 1153 3222 pro
1175 3159 1225 3202 reo
1254 3139 1364 3204 dioturi

152 3250 216 3312 sint
238 3247 388 3311 transitur
410 3247 509 3312 verbis
542 3244 598 3309 καὶ
626 3241 807 3332 βοηθοῦσιν
837 3239 867 3309 οἳ
895 3241 1039 3328 λέγοντες
1067 3233 1152 3331 ὑπὲρ
1183 3231 1277 3309 ordeni
1306 3220 1364 3323 xerip

153 3342 237 3418 odoro
259 3342 370 3436 τοάτιμ
382 3346 583 3437 χαρίσασθαι
610 3341 657 3434 μά
678 3342 752 3428 τοὺς
775 3342 872 3426 θεοὺς
898 3341 1086 3432 βουλόμενοι
1114 3339 1158 3427 ὡς
1180 3340 1365 3436 ἐπηρεάζειν

155 3455 231 3542 ἐμοὶ
246 3481 275 3522 κ.
288 3480 316 3520 τ.
329 3457 357 3521 λ.
402 3458 463 3537 Qui
478 3459 636 3533 transitus,
659 3477 848 3540 quamquam
863 3477 882 3520 a
898 3457 1061 3521 soholiasta
1077 3457 1250 3521 defenditur
1264 3455 1364 3520 verbis

155 3560 228 3629 ἔστι
247 3559 307 3644 μὲν
334 3553 372 3626 τὸ
394 3554 570 3650 κεφάλαιον
597 3558 781 3651 εἰσηγμένον
810 3553 893 3626 κατὰ
923 3549 1115 3640 άπὸστασιν,
1141 3557 1244 3640 ἔξεστι
1265 3558 1301 3624 δὲ
1323 3551 1363 3624 τά

154 3666 289 3734 τοιαῦτα
313 3666 345 3732 ἐν
369 3659 537 3754 ἐπιλόγοις
557 3660 612 3732 διὰ
634 3660 672 3733 τὸ
694 3659 777 3733 εἶναι
793 3657 980 3750 κομματικὰ
999 3667 1055 3730 καὶ
1071 3655 1234 3746 άσάνόετα,
1259 3670 1363 3732 tamen

156 3778 214 3841 hoo
238 3778 303 3840 looo
325 3775 399 3840 adeo
418 3775 489 3839 ferri
505 3795 564 3839 non
575 3778 675 3858 potest
687 3778 723 3840 ut
738 3775 877 3839 Blassius
893 3777 984 3838 antea
999 3775 1144 3838 laounam
1157 3793 1222 3838 esse
1238 3776 1363 3838 statuat.

244 3882 290 3946 Ea
313 3901 432 3964 quoque
447 3901 525 3964 quae
548 3883 692 3962 leguntur
713 3881 782 3946 inde
805 3881 1045 3963 a5208-218
1068 3899 1216 3962 magnam
1237 3880 1365 3962 praebu-

158 3992 249 4054 emnt
268 3988 471 4053 offensionem.
504 3988 521 4071 5
537 3988 708 4052 ads-212
731 3988 813 4052 enim
827 3988 987 4051 nonnullos
1008 3987 1146 4051 homines
1163 3987 1280 4063 divites,
1300 3985 1362 4050 soil.

230 4253 250 4320 ¹)
268 4252 328 4306 Van
345 4252 396 4305 den
412 4251 448 4305 Es
466 4250 656 4305 Commendatio
674 4251 706 4304 de
723 4205 1035 4304 liemosthenisllfidiana
1053 4248 1175 4318 (Traiecti
1193 4248 1227 4302 ad
1239 4247 1360 4300 Rhenum

161 4357 185 4395 a.
204 4341 282 4410 1874)
300 4357 325 4409 p.
344 4339 387 4394 46.
