3142 4834
180 441 276 520 οὖσαν
304 453 441 542 ἐναργῶς
469 449 525 544 τὴν
554 446 720 522 ἀντίθεσιν
751 453 825 538 δίχα
854 452 944 540 έτεμε
975 449 1058 544 πρὸς
1084 449 1122 521 τὸ
1150 450 1316 545 χρήσιμον·
1346 445 1383 548 ἧν

179 553 237 648 γὰρ
258 554 405 651 τοιαύτη·
435 555 537 652 ῥήτωρ
567 546 657 641 σῖσός
685 561 849 628 ἔστινκαὶ
878 555 986 626 πάντα
1014 561 1192 646 ἐσκεμμένα
1220 563 1383 650 λέγεικαὶ

179 668 478 756 παρεσκευασμένα·
509 660 527 734 ὃ
556 667 591 734 δὲ
621 669 735 734 διεῖλεν
763 658 857 755 usurpo
887 667 1016 755 πρῶτον
1044 668 1103 753 μὲν
1135 666 1182 748 εἰς
1214 663 1252 734 τὸ
1281 662 1384 759 ῥήτωρ

180 772 352 839 ἐστὶν...
376 766 518 861 δεύτερον
538 773 575 840 δέ
597 767 634 840 τὸ
655 775 751 861 μέρος
773 771 873 862 ἔθηκε
894 767 932 840 τὸ
955 764 1004 840 ὅτι
1021 774 1198 859 ἐσκεμμένα
1220 800 1255 863 γε
1276 770 1384 842 πάντα

179 879 273 966 λέγει.
323 882 382 948 Sed
406 887 510 948 errant
531 883 576 947 illi
599 884 650 965 qui
680 883 803 946 omnino
826 884 955 948 eandem
983 903 1048 948 rem
1071 884 1120 948 hic
1149 885 1196 949 bis
1218 888 1384 950 tractatam

180 1009 246 1054 csse
269 989 452 1054 existimant.
498 989 578 1053 Nam
600 989 652 1070 qui
674 993 774 1054 orator
795 992 850 1065 est,
877 1009 948 1053 eum
970 1009 1170 1072 quaecunque
1192 991 1264 1055 dicit
1291 995 1385 1056 antea

180 1095 366 1175 excogitasse
396 1099 488 1178 atque
510 1096 735 1178 praeparavisse
765 1114 826 1159 non
848 1115 970 1160 necesse
993 1099 1056 1172 est,
1083 1100 1114 1160 et
1143 1097 1168 1160 si
1197 1099 1384 1161 contrarium

181 1203 364 1283 spectamus,
390 1201 416 1264 is
446 1202 499 1283 qui
528 1205 619 1265 antea
648 1201 816 1281 excogitata
839 1204 870 1266 et
897 1205 1076 1284 praeparata
1104 1203 1177 1266 dicit
1205 1208 1324 1285 propter
1352 1205 1384 1267 id

180 1327 241 1370 non
271 1309 318 1370 est
346 1309 453 1370 orator.
505 1307 613 1371 Verbis
635 1307 728 1388 igitur
757 1303 813 1369 καὶ
836 1297 938 1393 ῥήτωρ
965 1303 1052 1370 ἐστὶν
1076 1288 1166 1384 οὗτος
1188 1309 1296 1373 Midias
1324 1311 1387 1390 sig-

181 1413 285 1476 nificat
300 1413 547 1488 Demosthenem,
570 1432 642 1476 cum
663 1414 839 1477 indicendo
861 1414 1028 1495 plurimum
1045 1415 1182 1479 studium
1204 1415 1385 1498 plurimam-

182 1538 241 1600 que
262 1537 385 1600 operam
407 1519 604 1594 collocaverit,
626 1521 658 1582 in
678 1520 819 1583 omnibus
842 1520 959 1584 artibus
988 1520 1125 1602 dolisque
1148 1522 1287 1585 oratoriis
1318 1526 1385 1585 tam

184 1625 382 1689 exercitatum
405 1644 471 1689 esse
493 1628 529 1688 ut
550 1625 637 1689 facile
659 1626 826 1702 iudicibus,
856 1626 914 1690 uisi
937 1627 1019 1690 cauti
1048 1629 1140 1708 atque
1168 1627 1284 1709 providi
1312 1629 1384 1704 sint,

185 1749 385 1812 quaecunque
414 1732 486 1795 velit
507 1750 578 1794 vera
609 1751 674 1796 esse
696 1733 885 1814 persuadeat.
936 1733 1044 1797 Verbis
1074 1736 1178 1797 autem
1207 1729 1387 1814 ἐσκεμμένα

183 1834 239 1899 καὶ
262 1833 545 1922 παρεσκευασμένα
574 1826 681 1900 πάντα
702 1835 786 1921 λέγει
817 1837 895 1918 (scil.
920 1835 1145 1924 Δημοσθένης)
1181 1839 1292 1903 Midias
1320 1860 1385 1921 pro·

184 1944 337 2008 hibiturus
360 1945 406 2006 est
428 1963 466 2007 ne
482 1943 695 2008 Demosthenis
718 1944 813 2008 oratio
836 1963 869 2008 eo
884 1946 1032 2008 maiorem
1049 1945 1109 2008 vim
1134 1947 1226 2026 atque
1244 1949 1388 2010 eventum

184 2050 296 2113 habeat
318 2050 398 2131 quod
421 2069 455 2113 ex
478 2052 612 2131 tempore
634 2050 738 2113 haberi
760 2050 907 2114 videatur.
946 2049 1027 2113 Nam
1049 2053 1168 2114 constat
1190 2055 1322 2116 oratores
1340 2073 1392 2116 ve-

184 2159 263 2220 teres
284 2155 321 2219 de
343 2155 493 2219 industria
524 2154 556 2218 id
584 2174 673 2236 agere
705 2155 807 2220 solitos
831 2175 896 2220 esse
925 2159 961 2219 ut
990 2176 1025 2219 ex
1046 2159 1179 2239 tempore
1207 2158 1287 2239 loqui
1310 2158 1393 2222 vide-

184 2264 297 2336 rentur,
320 2280 392 2325 cum
415 2280 450 2324 ea
472 2280 504 2325 re
528 2280 616 2343 saepe
638 2262 773 2325 multum
795 2263 982 2343 proficerent.

271 2369 340 2433 Iam
361 2367 513 2449 Hauptius
537 2387 614 2448 quae
636 2368 653 2450 ξ
679 2368 861 2431 189-190
891 2369 1034 2448 leguntur
1062 2369 1203 2449 suspecta
1230 2387 1295 2432 esse
1316 2387 1387 2431 oon·

184 2476 290 2551 tendit,
313 2473 393 2557 quod
414 2475 464 2537 hic
486 2476 552 2537 tam
567 2476 669 2555 aperte
685 2476 776 2555 atque
792 2474 858 2538 fuse
874 2474 910 2537 de
932 2474 1058 2538 oratoris
1074 2473 1194 2537 nomine
1210 2474 1386 2549 disseratur,

186 2602 244 2664 quo
273 2581 386 2645 iudices
415 2579 628 2643 Demosthenis
657 2580 688 2642 in
716 2579 891 2661 republica
920 2579 1113 2644 consiliorum
1144 2580 1387 2656 commonefiant,

185 2709 257 2753 cum
279 2688 329 2750 ille
350 2705 411 2749 uno
434 2686 566 2766 rehquae
588 2685 731 2750 orationis
757 2686 821 2749 loco
844 2686 945 2767 ibique
968 2685 1145 2750 nantissime
1168 2686 1388 2768 rempublicam

186 2815 205 2859 a
228 2814 259 2858 se
275 2794 457 2876 capessitam
480 2794 709 2865 commemoretr
733 2810 791 2873 quo
814 2792 960 2856 audacius
983 2792 1064 2855 enim
1080 2811 1157 2874 quae
1180 2792 1387 2874 erepublica

186 2902 308 2984 putaret
328 2899 470 2981 perlicere
492 2897 656 2972 studuerit,
685 2916 719 2960 eo
742 2898 908 2962 cautiorem
930 2918 1000 2962 eum
1031 2898 1063 2960 in
1086 2916 1174 2962 care
1204 2917 1388 2962 commemo-

187 3006 285 3070 randa
307 3024 373 3069 esse
395 3003 544 3077 debuisse,
566 3004 745 3085 praesertim
774 3022 845 3067 cum
875 3004 1080 3084 rogationibus
1112 3004 1175 3067 suis
1203 3023 1264 3067 non
1287 3005 1388 3068 solum

131 3179 135 3192 ,
187 3113 316 3177 divitum
345 3111 463 3174 animos
486 3091 504 3172 a
527 3127 559 3173 se
589 3109 819 3185 abalienaverit,
850 3110 904 3174 sed
926 3110 1018 3174 etiam
1040 3109 1142 3192 populi
1169 3110 1236 3173 iura
1257 3112 1389 3191 tempta-

188 3219 273 3284 verit.
286 3219 309 3299 ¹)
356 3215 416 3281 Sed
443 3216 578 3298 primum
601 3215 723 3296 quidem
751 3235 812 3279 non
843 3217 943 3279 solum
970 3216 1027 3279 hoc
1055 3216 1118 3280 loco
1146 3218 1177 3279 et
1198 3216 1215 3298 ξ
1239 3216 1279 3278 29
1308 3215 1389 3280 hanc

188 3345 254 3390 rem
276 3323 376 3404 tangit
397 3324 506 3398 orator,
529 3321 581 3384 sed
605 3322 698 3386 etiam
720 3321 827 3403 5205,
849 3322 903 3385 ubi
925 3321 962 3384 de
984 3321 1098 3386 Eubuli
1120 3320 1151 3384 in
1168 3340 1199 3384 se
1221 3321 1388 3386 inimicitiis

188 3431 280 3496 verba
302 3428 385 3493 facit.
430 3427 510 3490 Tum
533 3431 637 3491 autem
660 3426 814 3509 Hauptius
845 3446 905 3490 non
935 3427 1054 3490 videtur
1083 3427 1287 3491 considerasse
1317 3427 1389 3508 quid

188 3537 314 3603 tandem
335 3535 390 3598 illa
405 3553 483 3616 quae
505 3533 522 3615 ξ
541 3534 711 3596 lae-190
734 3532 929 3597 continentur
948 3536 1127 3615 spectarent.
1164 3532 1273 3597 Orator
1287 3536 1390 3622 aperpe

189 3645 226 3708 de
248 3643 301 3705 illa
321 3660 354 3706 re
376 3639 475 3704 dicere
497 3640 661 3720 cogebatur
687 3641 731 3714 ut,
763 3639 787 3702 si
810 3641 914 3721 postea
937 3657 955 3702 a
978 3639 1072 3702 Midia
1095 3638 1274 3704 defendendi
1296 3657 1391 3702 causa

190 3749 380 3834 proferretur,
402 3746 566 3809 imminuta
590 3747 681 3826 atque
703 3744 836 3808 refutata
857 3744 920 3808 iam
944 3747 1032 3808 esset.
1077 3744 1158 3807 Nam
1181 3763 1216 3808 ea
1237 3744 1274 3808 de
1297 3763 1391 3809 causa

189 3854 427 3938 praesumuntur
450 3851 690 3916 adversariorum
706 3853 888 3931 argumenta
910 3850 1079 3924 utstatim,
1102 3869 1174 3914 cum
1197 3851 1235 3914 ab
1250 3851 1309 3913 illis
1325 3869 1392 3932 pro-

130 3979 132 3984 ·
189 3963 342 4036 ferantur,
374 3958 564 4022 aiudiclbus
590 3960 625 4021 ut
647 3957 724 4020 falsa
753 3960 783 4021 et
815 3957 919 4020 inania
947 3955 1119 4020 audiantur.
1165 3956 1270 4037 Neque
1292 3956 1391 4036 magis

191 4066 410 4132 Demosthenes
432 4065 488 4127 hoc
509 4065 573 4128 loco
595 4082 665 4127 earu
686 4082 752 4127 rem
774 4062 873 4144 tangit
895 4081 988 4144 quam
1008 4081 1083 4144 opus
1106 4064 1154 4126 est
1175 4062 1215 4125 ad
1236 4061 1280 4127 rei
1301 4080 1393 4143 argu-

279 4311 470 4383 bhhpl
