3142 4834
724 269 764 330 25

135 480 250 542 iudicio
282 480 434 552 dicuntur,
464 498 534 552 cum
559 479 596 542 ad
621 479 804 542 reiciendam
834 480 971 542 futuram
1001 478 1085 540 illam
1113 476 1225 539 Midiae
1248 474 1349 538 crimi-

134 587 295 649 nationem
324 585 354 647 id
378 604 497 666 quoque
526 586 659 650 maxime
690 585 839 667 pertineat
869 584 948 666 quod
977 583 1200 663 §aua-204
1230 581 1349 663 exponi-

134 695 196 765 tur,
222 711 295 754 eum
318 711 437 773 semper
459 694 564 754 contra
586 692 732 774 populum
756 710 844 772 agere
868 694 960 772 atque
983 690 1080 752 dicere
1100 689 1203 762 solere,
1227 707 1299 751 oum
1315 689 1346 750 in

134 799 228 862 rebus
252 797 394 861 secundis
417 817 478 860 non
501 817 572 860 cum
595 817 628 860 eo
645 798 787 878 gaudeat,
810 797 842 860 in
867 797 957 860 rebus
974 796 1108 858 adversis
1131 795 1159 858 ei
1174 794 1347 858 maledicat.

225 903 272 967 Ne
294 904 325 966 id
343 904 467 985 quidem
490 905 624 967 multum
646 905 727 968 valet
750 904 789 968 ad
812 904 876 968 Esii
898 901 1081 967 sententiam
1105 900 1345 964 confirmandam

137 1009 216 1090 quod
239 1028 294 1091 per
313 1011 411 1073 totam
434 1010 601 1072 orationem
623 1010 755 1092 plurima
783 1028 862 1090 quae
885 1009 923 1071 ad
947 1009 1095 1089 reliquam
1119 1006 1229 1070 Midiae
1251 1005 1346 1068 vitam

137 1116 315 1196 pertineant
337 1115 466 1178 inveniri
489 1115 570 1179 dicit.
584 1119 607 1199 ¹)
647 1115 752 1197 Neque
775 1115 856 1180 enim
880 1116 932 1178 illa
954 1118 1020 1178 tam
1036 1114 1136 1176 multa
1159 1115 1232 1176 sunt
1255 1131 1347 1193 quam

137 1221 226 1284 Esius
256 1221 377 1284 videtur
405 1225 527 1304 putare3
562 1224 629 1284 tum
660 1222 802 1303 pleraque
832 1240 935 1285 eoram
968 1239 1040 1284 cum
1068 1220 1185 1300 reliqua
1214 1218 1256 1282 rei
1284 1218 1348 1288 vita

136 1328 280 1407 coniungi
303 1327 351 1392 vix
374 1330 522 1408 poterant,
554 1346 626 1390 oum
657 1327 803 1391 delictum
832 1347 893 1390 non
923 1327 1127 1400 continerent,
1155 1325 1239 1388 velut
1269 1342 1347 1405 quac

134 1435 282 1512 leguntur
313 1434 427 1515 §lla
452 1435 513 1496 153
537 1453 592 1514 sq,
615 1435 694 1506 200;
725 1433 785 1496 iere
817 1434 919 1496 omnia
948 1437 1052 1496 autem
1081 1433 1133 1495 illa
1162 1432 1200 1494 ad
1228 1434 1348 1494 senten-

133 1539 212 1602 tiam
236 1539 372 1620 aliquam
394 1539 607 1602 illustrandam
630 1543 684 1603 aut
707 1540 745 1602 ad
769 1539 942 1620 augendam
965 1539 1117 1602 enuntiati
1139 1538 1268 1602 alicuius
1284 1537 1347 1599 vim

134 1648 329 1719 enarrantur,
360 1645 470 1708 iniuria
500 1648 605 1708 autem
634 1645 769 1709 Stratoni
798 1646 884 1709 illata
914 1647 945 1728 (ᾖ
969 1647 1009 1707 83
1034 1646 1112 1728 sqq.)
1142 1645 1186 1707 ita
1216 1662 1287 1706 curn
1309 1643 1347 1706 iis

134 1770 216 1833 quae
245 1753 347 1814 orator
375 1751 412 1814 de
441 1751 537 1832 ipsius
566 1770 637 1815 cum
668 1751 763 1814 Midia
790 1751 958 1816 inimicitiis
987 1750 1124 1833 exposuit
1146 1751 1286 1814 cohaeret
1313 1752 1348 1812 ut

134 1857 294 1939 aptissime
316 1856 353 1920 iis
376 1857 501 1937 adiungi
522 1858 661 1938 potuerit.

223 1962 341 2026 Deinde
363 1962 489 2045 usiusq
515 1963 753 2027 Demosthenem
776 1965 969 2045 neglegenter
995 1963 1150 2027 iacturum
1171 1962 1265 2025 fuisse
1287 1962 1348 2024 exi-

135 2070 252 2144 stimat,
278 2069 304 2132 si
328 2088 363 2132 ea
386 2069 478 2132 verba
501 2089 520 2132 a
543 2070 654 2150 quibus
678 2071 885 2152 §aea-212
909 2073 940 2133 et
963 2071 980 2152 ξ
1001 2070 1174 2132 213-218
1197 2067 1348 2150 incipiunt

134 2176 165 2238 in
188 2194 252 2239 una
283 2175 416 2238 oratione
445 2175 686 2258 conscripsisset,
717 2196 789 2240 cum
818 2179 948 2258 utraque
978 2178 1064 2258 parto
1094 2174 1177 2238 idem
1206 2175 1347 2255 quamvis

134 2283 253 2344 diverso
277 2280 365 2344 modo
386 2280 549 2345 refellatur.
589 2281 647 2345 Sed
671 2283 791 2358 haere,
815 2301 1013 2364 quamquam,
1036 2283 1156 2344 utiam
1178 2300 1269 2362 supra
1292 2298 1347 2343 au-

134 2389 278 2461 divimus,
307 2388 400 2450 habet
429 2387 462 2450 in
484 2406 543 2468 quo
565 2387 716 2463 cli‘endas,
744 2388 807 2452 nsii
831 2388 1002 2469 opinionem
1033 2407 1092 2450 non
1120 2387 1347 2451 demonstratur

135 2513 242 2557 reram
266 2512 342 2568 esse,
366 2512 437 2556 cum
459 2513 520 2556 non
542 2493 656 2567 minus,
679 2495 705 2557 si
722 2495 788 2557 sine
810 2495 924 2557 librarii
948 2495 1028 2558 illius
1044 2513 1134 2576 opera
1157 2494 1345 2576 expertibus

133 2601 172 2663 ab
195 2601 317 2662 oratore
340 2599 503 2681 separatim
527 2599 705 2681 conscriptis
728 2601 803 2664 hacc
825 2601 918 2664 oratio
942 2601 1068 2664 collecta
1091 2601 1139 2672 sit,
1162 2601 1273 2683 duplex
1295 2600 1346 2662 illa

132 2706 278 2770 refutatio
300 2704 388 2768 facile
411 2706 583 2787 explicetur.

222 2811 362 2891 Denique
385 2811 476 2874 usius
505 2831 542 2874 ne
570 2812 791 2893 perorationem
814 2813 938 2893 quidem
966 2813 1181 2895 intemptatam
1212 2814 1343 2894 reliquit.

132 2918 191 2980 Per
214 2919 315 2980 totam
340 2917 423 2980 enim
453 2916 513 2980 lere
542 2918 723 2991 orationem,
751 2919 809 2992 ait,
840 2919 969 2981 Midiam
997 2919 1143 3001 increpari
1174 2923 1205 2982 et
1227 2922 1344 2983 scatere

132 3042 309 3087 sermonem
332 3023 608 3086 vehementissimis
631 3023 879 3104 flagitationibus
903 3026 988 3088 velut
1010 3027 1027 3108 ξ
1046 3026 1095 3100 12,
1114 3027 1164 3100 70,
1182 3026 1253 3099 118,
1273 3026 1343 3098 130,

136 3130 196 3192 152
209 3131 254 3212 ³);
285 3129 506 3210 perorationem
535 3133 649 3193 autem*
662 3131 781 3193 tantam
804 3131 918 3212 spirare
949 3132 1183 3213 temperantiam
1214 3135 1250 3194 ut
1272 3151 1343 3195 cum

136 3235 243 3299 acerba
267 3238 297 3298 ct
312 3234 459 3298 iracunda
481 3236 614 3298 oratione
637 3255 706 3299 eam
722 3256 781 3300 non
797 3237 953 3301 concinere
968 3239 1070 3319 negari
1088 3241 1226 3319 nequeat.
1263 3238 1344 3301 Nam

135 3341 206 3446 qpid
229 3342 262 3404 in
285 3341 351 3422 ipsa
373 3341 558 3422 peroratione
581 3342 782 3406 Athenienses
804 3343 841 3406 de
865 3344 960 3406 lllidia
990 3344 1124 3408 indicare
1145 3345 1217 3408 velit
1244 3347 1344 3407 orator

223 3535 242 3599 ¹)
262 3533 291 3586 L.
310 3531 326 3587 l.
347 3551 371 3601 p.
391 3534 433 3586 45.

222 3625 243 3689 ²)
262 3621 291 3675 L.
310 3621 327 3675 l.
347 3639 370 3689 p.
391 3623 502 3676 nir-47.

221 3711 276 3777 Ἣ
302 3709 333 3762 1⁶2
362 3708 473 3764 Μειδίας
499 3703 523 3762 δ’
549 3716 578 3762 ἐν
601 3706 692 3766 αίταῖς
720 3711 828 3768 ταύταις
857 3720 915 3769 ταῖς
946 3708 1054 3785 ἡμέραις
1079 3708 1141 3774 άξια
1171 3715 1218 3767 τοῦ
1248 3714 1341 3768 δοῦναι

129 3793 181 3864 τὴν
200 3794 319 3866 ἐσχάτην
337 3795 414 3862 δίκην
431 3799 516 3850 ποιῶν
534 3796 718 3867 δειχθήσεται.
743 3802 805 3869 §VO
823 3805 847 3853 ai
864 3809 956 3855 voivre
973 3824 1012 3858 τις
1026 3797 1104 3870 ripariis),
1124 3790 1146 3854 ci
1157 3797 1250 3873 deripe
1261 3798 1342 3869 'Aliq-

130 3893 211 3946 ναῖοι,
233 3879 316 3941 άλλως·
333 3905 389 3940 ποις
408 3889 461 3954 ἐμοι
484 3882 534 3952 τὴν
552 3882 635 3958 ὀργὴν
654 3893 697 3940 ἐπὶ
718 3889 834 3942 Μειδίαν
851 3886 869 3957 ἢ
888 3885 922 3946 oie·
941 3891 1003 3944 δίον
1026 3885 1108 3943 αὐτὸν
1125 3889 1271 3952 τεθνάναι,
1298 3887 1342 3943 cdx

128 3970 223 4046 ὀρθῶς
242 3976 304 4042 ἔχει.
323 3976 338 4041 ᾗ
358 3975 407 4027 118
425 3975 481 4030 πῶς
500 3969 529 4027 οὗ
548 3972 657 4036 δεκάκις,
682 3977 784 4044 μᾶλλον
807 3977 836 4030 δὲ
859 3977 979 4049 μυριάκις
1006 3977 1104 4034 δίκαιός
1128 3975 1183 4031 ἐστ’
1209 3975 1342 4033 ductanda*-

127 4085 175 4116 ναι
181 4085 189 4124 ;
208 4065 223 4130 ξ
244 4063 295 4116 130
312 4058 392 4117 τόπος
410 4057 494 4118 mirice
513 4069 587 4115 ἐστιν
605 4070 634 4116 ἐν
652 4087 674 4131 ῳ
690 4067 788 4119 τοῐπον
806 4061 836 4120 οὗ
850 4065 973 4121 θανάτου
992 4065 1156 4133 πεποιηκότα
1176 4064 1237 4128 άξια
1255 4065 1339 4122 πολλά

127 4145 265 4234 εὑρήσετε.
284 4153 299 4218 ξ
320 4151 369 4204 152
388 4145 442 4204 οὔδ’
455 4145 637 4220 ὑπολαμβάνω
649 4152 773 4222 τιμήσειν
785 4149 890 4211 οὐδενὸς
903 4154 1043 4211 ἐλάττονος
1054 4153 1141 4223 τοίπῳ
1154 4152 1170 4224 ἢ
1182 4151 1247 4210 ὅσον
1259 4179 1340 4210 κατα-

128 4242 191 4295 θεὶς
211 4235 287 4294 οὗτος
304 4235 436 4291 παύσεται
453 4239 500 4305 τῆς
518 4234 623 4310 ὕβρεως·
642 4242 722 4296 roseo
741 4238 834 4296 δ’ἐστὶ
852 4241 969 4313 μάλιστα
988 4250 1038 4314 μὲν
1058 4243 1184 4310 θάνατος,
1205 4248 1228 4298 εί
1247 4245 1276 4299 δὲ
1294 4245 1339 4316 μή,

124 4324 221 4381 πάντα
240 4321 275 4378 τὰ
294 4319 359 4378 ὅντα
377 4321 536 4398 ἀφελέσθαι.
