3142 4834
776 269 794 330 6

680 359 889 366 —————·-——-—-——-

182 471 241 555 μὲν
269 465 345 561 cipri
372 473 483 539 τοῦτον
514 467 576 560 ἐγὼ
605 474 660 540 καὶ
690 475 803 561 προδῶ
830 469 886 564 τὴν
914 467 1064 564 ὑμετέραν
1100 477 1388 566 καταχειροτονίαν,

184 567 282 657 οὐδέν,
307 570 350 656 ὡς
373 569 461 660 ἔοικ’,
485 569 602 645 ἀδικῶ·
633 569 671 645 lb
700 571 729 646 δ’
754 579 881 662 ἐπεξίοι,
911 582 1049 647 λέλοιπα
1078 575 1133 670 τὴν
1154 576 1260 665 τάξιν,
1290 578 1390 674 φόνου

186 683 338 765 κοινωνῶ,
360 686 410 750 δεῖ
431 709 471 768 με
493 675 719 774 ἀνηρπάσθαι,
743 690 787 753 ita
816 692 852 754 ut
874 690 956 753 haud
985 694 1054 772 apte
1080 709 1099 754 a
1122 693 1326 773 superioribus
1349 695 1390 758 ad

184 794 240 856 hcc
284 795 464 858 transeatur.
526 793 612 874 Quod
646 795 753 860 deinde
787 795 926 859 Blassius
960 815 1031 859 cum
1064 796 1283 878 vituperatione
1317 799 1392 864 dicit

154 945 155 950 η
184 899 201 980 5
218 899 389 964 raa-125
414 901 541 965 alteram
557 902 703 966 contineri
718 902 979 982 exaggerationem
994 919 1100 964 eorum
1116 921 1193 983 qnae
1216 903 1233 985 5
1249 904 1310 967 103
1324 925 1390 987 sqq.

184 1005 325 1085 legantur
356 1008 387 1068 et
409 1006 515 1070 eadem
543 1006 604 1070 fere
626 1007 720 1088 repeti
751 1025 828 1088 quae
856 1006 960 1086 5108
993 1026 1057 1088 sqq.
1088 1008 1151 1071 iam
1181 1011 1299 1090 prolata
1329 1011 1393 1074 sint

184 1111 262 1174 mihi
275 1130 398 1193 prorsus
421 1112 618 1194 improbatur.
663 1111 745 1176 Nam
768 1131 845 1193 quae
866 1113 937 1176 inde
959 1131 978 1175 a
1000 1113 1017 1194 5
1042 1113 1213 1177 raa—125
1238 1133 1392 1196 exponun-

185 1219 235 1279 tur
250 1217 334 1280 aliud
350 1208 496 1299 spectant
510 1219 629 1300 alioque
644 1219 733 1281 modo
749 1221 932 1282 enarrantur
954 1221 1044 1299 atque
1061 1237 1096 1282 ea
1112 1238 1190 1300 quae
1213 1220 1229 1300 5
1249 1221 1310 1284 los
1324 1241 1390 1304 sqq.

185 1323 385 1387 continentur.
431 1323 488 1386 Hic
511 1325 601 1399 enim,
623 1327 659 1386 nt
681 1325 745 1387 iam
767 1343 859 1406 supra
881 1324 999 1388 dictum
1022 1330 1077 1401 est,
1101 1325 1322 1391 Demosthenes
1344 1328 1392 1391 in-

186 1429 289 1492 dicum
313 1429 446 1505 animae,
474 1448 549 1510 quos
572 1449 610 1493 ne
633 1432 752 1512 propter
773 1431 946 1494 insatiabile
969 1430 1072 1493 odium
1093 1449 1152 1512 quo
1174 1431 1303 1496 Midiam
1325 1453 1394 1515 per-

187 1535 373 1616 sequebatur
395 1554 413 1598 a
437 1555 469 1599 se
492 1536 678 1625 abalienaret
708 1537 783 1600 satis
807 1538 872 1599 erat
896 1554 1005 1599 causae
1028 1555 1084 1599 cur
1105 1537 1241 1612 timeret,
1271 1539 1393 1620 placare

187 1641 304 1722 sibique
327 1642 485 1706 conciliare
508 1642 611 1705 studet
632 1643 821 1722 interrogans
845 1642 918 1722 qnid
942 1660 1046 1705 eorum
1065 1644 1275 1725 unusquisqne
1299 1645 1394 1708 simili

188 1750 312 1829 accepta
333 1747 443 1810 iniuria
471 1747 607 1811 facturus
630 1748 691 1824 sit3
720 1749 770 1811 illo
793 1749 997 1823 antemium,
1021 1748 1073 1829 qui
1096 1749 1231 1830 epilogus
1259 1753 1306 1815 est
1329 1751 1395 1815 eius

188 1855 283 1935 partis
306 1871 366 1934 qua
397 1853 525 1916 iniuriae
546 1854 744 1918 Demostheni
772 1855 840 1934 post
862 1854 1034 1933 choragium
1061 1873 1079 1917 a
1101 1854 1196 1918 Midia
1218 1855 1321 1920 illatae
1344 1857 1397 1920 de-

189 1960 383 2035 scribuntur,
412 1959 525 2023 iudices
557 1960 758 2023 admonentur
787 1978 824 2022 ne
852 1960 926 2022 talia
954 1959 1087 2023 facinora
1108 1961 1211 2041 qualia
1230 1960 1341 2024 Midias
1364 1963 1396 2026 in

191 2086 223 2130 se
245 2066 432 2129 commiserit
455 2066 554 2129 inulta
578 2065 697 2141 sinant,
726 2085 796 2129 curn
826 2065 852 2128 is
877 2066 928 2146 qui
951 2065 1227 2129 machinationibus
1249 2067 1396 2149 impedire

189 2172 312 2236 studeat
327 2191 365 2235 ne
379 2171 548 2235 facinorum
564 2190 689 2235 suorum
703 2190 815 2254 poenas
832 2171 929 2234 solvat
944 2190 1105 2236 commune
1120 2171 1169 2235 ius
1186 2191 1398 2238 communem-

189 2298 247 2361 que
269 2279 442 2342 libertatem
464 2298 480 2342 e
502 2278 601 2341 medic
624 2277 720 2341 tollat.

277 2384 424 2448 Venimus
448 2384 487 2447 ad
502 2403 568 2448 rem
583 2401 726 2465 persaepe
750 2383 854 2446 aviris
874 2382 970 2446 doctis
986 2385 1178 2464 temptatam.
1216 2383 1291 2448 Inde
1314 2384 1398 2449 enim

190 2512 208 2555 a
230 2492 248 2572 5
271 2490 420 2554 ee-rbi
445 2492 544 2553 orator
566 2489 680 2553 iudices
702 2509 742 2553 ne
764 2489 927 2553 liberorum
958 2488 1041 2552 illius
1063 2489 1194 2552 hominis
1216 2489 1323 2553 nefarii
1346 2511 1397 2556 ecs

190 2599 335 2662 misereat
363 2596 557 2672 adhortatur,
588 2614 659 2658 curn
687 2598 718 2659 et
744 2597 847 2677 ipsum
870 2595 1036 2670 Stratonis,
1068 2612 1160 2676 quem
1188 2596 1397 2660 crudelissime

192 2708 223 2769 ct
254 2721 375 2768 summa
410 2721 481 2765 cum
508 2702 619 2766 iniuria
649 2701 828 2783 perdiderit,
861 2701 1025 2765 liberorum
1054 2701 1226 2766 miseritum
1258 2721 1318 2765 non
1347 2704 1396 2766 sit.

191 2809 271 2874 Tum
292 2809 451 2872 hominum
475 2807 593 2872 vivendi
616 2807 765 2871 rationem
789 2825 860 2870 cum
883 2826 973 2870 erano
989 2826 1168 2889 comparans
1191 2827 1399 2890 unumquem-

193 2937 251 2998 que
272 2917 317 2979 ita
339 2914 535 2978 tractandum
565 2933 630 2978 esse
653 2913 728 2978 dicit
756 2915 792 2976 ut
813 2913 877 2994 ipse
905 2913 937 2975 in
960 2913 1034 2976 alios
1058 2916 1139 2992 agat.
1188 2913 1305 2977 Eadem
1326 2914 1397 2978 inde

193 3043 211 3087 a
234 3023 251 3105 5
277 3020 458 3084 184-187
487 3022 634 3101 leguntur
664 3022 755 3101 atquc
783 3020 827 3084 ita
855 3019 979 3101 quidem
1007 3022 1043 3082 ut
1073 3038 1151 3100 quae
1181 3019 1218 3083 de
1241 3039 1331 3083 erano
1353 3019 1399 3083 di-

193 3131 304 3193 cuntur
325 3127 435 3190 iisdem
462 3126 524 3190 fere
552 3127 644 3207 atque
666 3125 683 3207 5
709 3126 767 3188 101
801 3125 900 3190 verbis
929 3128 1113 3207 repetantur.
1160 3125 1262 3204 Quod,
1290 3143 1400 3206 quam-

196 3255 290 3318 quam
312 3235 344 3296 in
367 3233 487 3296 scholiis
511 3233 673 3296 excusatur
692 3232 790 3295 verbis
815 3218 850 3295 οὗ
872 3229 921 3294 dei
943 3221 1121 3311 θαυμάζειν
1143 3224 1172 3292 εἰ
1198 3233 1268 3306 τοῖς
1290 3217 1400 3306 αὐτοῖς

194 3323 1398 3428 Qmwfflfflfflfflfflfflmfflfflmffmmfflmffl

194 3443 286 3511 τοῦτο
309 3446 417 3508 ποιεῖν
437 3447 507 3521 τοῖς
529 3442 683 3519 παλαιοῖς
705 3464 734 3506 ιι.
751 3467 778 3506 ι.
802 3441 840 3522 λ,
869 3443 901 3506 in
923 3443 1029 3506 eadem
1057 3443 1189 3507 oratione
1220 3462 1280 3506 non
1308 3443 1398 3508 licere

196 3573 300 3619 omnes
322 3552 384 3616 fere
406 3550 458 3632 qui
481 3552 517 3626 de
540 3551 598 3613 hac
620 3569 651 3614 re
673 3551 765 3614 verba
787 3550 924 3614 fecerunt
947 3551 1149 3613 consentiunt.
1183 3549 1264 3612 Nam
1286 3549 1398 3631 optime

197 3659 338 3726 Schaefer
348 3659 371 3740 1)
402 3674 438 3720 ea
460 3657 653 3737 potissimum
681 3675 713 3719 re
735 3656 949 3720 Demosthenis
978 3658 1075 3719 artem
1098 3655 1238 3735 cognosci
1267 3674 1400 3719 comme·

196 3767 296 3831 morat
317 3765 349 3827 in
372 3761 556 3826 orationibus
583 3762 737 3844 perpolitis
760 3765 851 3843 atque
873 3761 1012 3844 perfectis
1031 3761 1131 3842 quod,
1159 3761 1399 3842 quotiescunque

197 3873 236 3936 ad
265 3871 394 3936 eandem
424 3869 607 3932 sententiam
635 3868 753 3943 redeat,
791 3885 909 3948 semper
936 3867 1002 3930 aliis
1030 3866 1129 3930 verbis
1163 3867 1281 3947 alioque
1310 3866 1400 3929 modo

198 3998 267 4043 eam
289 3975 457 4059 exprimere
477 3975 613 4050 studeat,
640 3975 683 4037 ita
711 3977 747 4037 ut
776 3973 958 4036 sententiam
982 3992 1048 4036 esse
1075 3972 1236 4053 repetitam
1258 3973 1306 4034 vix
1333 3991 1400 4036 sen·

198 4087 320 4148 biamus.
367 4081 522 4160 Quomodo
548 4083 651 4144 autem
673 4082 739 4143 orta
762 4080 802 4142 sit
822 4079 874 4142 illa
888 4078 1025 4160 repetitio
1048 4097 1161 4158 magna
1183 4080 1231 4141 est
1245 4077 1400 4142 dissensio.

288 4327 496 4398 Dhlpffi
