3142 4834
808 235 850 298 48

229 444 331 526 000011
353 444 497 508 iniuriam
513 444 697 520 contineant,
719 463 754 509 eo
768 445 917 527 pertinere
931 444 1071 508 videntur
1092 443 1197 508 ubido
1220 463 1316 526 00000
1333 447 1440 509 orator

233 550 370 614 dicturus
401 555 466 615 erat
506 569 599 632 quam
626 529 737 614 Midias
768 551 952 614 contumeha
988 551 1223 614 Atheniensibus
1253 551 1341 614 illata
1371 571 1440 615 me-

232 658 353 720 ruisset.
404 656 521 738 Itaque,
544 675 614 720 oum
645 675 736 739 supra
765 657 804 738 (0.
829 657 882 740 30)
912 656 1044 720 dubitari
1074 657 1123 719 vix
1152 675 1238 738 posse
1267 656 1437 720 viderimus

230 763 303 844 quin
324 764 433 838 orator,
456 763 484 826 si
504 762 671 827 orationem
686 761 862 844 perfecisset
884 763 975 845 atque
990 762 1209 844 perpohvisset,
1233 780 1440 844 quaecunque

230 868 268 932 de
298 886 394 950 poena
423 868 534 933 Midiae
565 869 690 933 dicenda
713 871 799 932 erant
829 886 891 932 una
919 872 1005 950 parte
1034 868 1305 950 comprehensurus
1333 868 1438 946 fuerit,

230 975 371 1057 0000108
397 975 568 1038 175-183
596 976 728 1038 10001010
758 974 803 1037 illi
825 974 903 1055 parti
926 974 1087 1038 tribuenda
1109 993 1174 1038 esse
1203 975 1236 1038 in
1259 977 1363 1056 aperto
1387 978 1438 1038 est

231 1099 308 1162 quae
336 1081 407 1144 inde
437 1098 455 1143 a
484 1080 500 1162 8
524 1080 701 1162 reincipit.
753 1079 813 1144 Sed
843 1079 987 1172 quoniam
1017 1080 1187 1162 complures
1217 1081 1308 1144 huius
1338 1081 1438 1162 partis

231 1206 278 1251 res
302 1186 403 1251 desint
424 1204 521 1267 neque
545 1185 637 1267 0018
663 1185 831 1250 175-181
863 1185 975 1266 00188
999 1184 1060 1248 182
1086 1187 1117 1250 01
1141 1186 1202 1248 183
1234 1204 1369 1267 usquam
1390 1187 1437 1249 ita

231 1293 380 1374 interponi
401 1292 520 1373 possint
547 1295 583 1355 ut
605 1290 763 1355 commoda
785 1309 889 1354 rerum
911 1291 1103 1355 cohaerentia
1132 1293 1264 1373 aptaque
1279 1291 1438 1375 {iunctura

233 1398 353 1474 evadat,
377 1397 415 1460 ab
438 1399 554 1461 oratore
577 1415 613 1460 00
636 1397 798 1478 separatim
814 1396 982 1478 conscripta
1004 1415 1101 1478 neque
1124 1397 1343 1461 adverteram
1367 1417 1438 1462 con-

230 1505 350 1570 textum
373 1503 524 1585 apphcata
544 1521 610 1567 esse
632 1504 765 1584 apparet.

319 1627 480 1691 Praeterea
501 1646 539 1691 ne
562 1645 597 1690 ea
619 1626 743 1708 quidem
766 1645 843 1708 quae
866 1627 884 1708 8
909 1627 1079 1689 184-188
1104 1627 1248 1708 leguntur
1275 1645 1365 1690 suam
1391 1647 1438 1692 se-

231 1734 301 1797 dem
330 1734 453 1796 habent.
509 1732 591 1796 Nam
621 1733 725 1814 8184
756 1733 872 1796 01185
905 1733 937 1794 10
970 1732 1078 1796 mediis
1112 1733 1435 1815 anteoooupationibus

230 1840 345 1922 positae
369 1841 452 1914 sunt,
475 1857 546 1902 eum
568 1839 643 1920 ipsis
668 1839 771 1921 [neque
794 1838 908 1901 Midiae
936 1856 1034 1918 neque
1065 1839 1131 1902 eius
1154 1839 1323 1902 amicorum
1345 1858 1436 1920 argu-

232 1948 375 2010 mentum
404 1944 567 2009 refellatur.
619 1943 664 2006 Ma
693 1943 874 2026 perorationi
903 1943 1064 2008 tn‘buenda
1093 1962 1158 2008 esse
1188 1944 1305 2008 indicat
1333 1946 1433 2026 ipsum

232 2052 337 2134 8184
365 2051 487 2114 initium
521 2031 543 2112 ἃ
566 2043 670 2112 τοίνυν
700 2035 824 2124 οὐδενὸς
852 2045 915 2112 τῶν
943 2043 1111 2134 εἰρημένων
1145 2030 1237 2136 ἧττον
1263 2036 1431 2136 ἀναγκαῖον

231 2147 313 2219 εἶναι
334 2149 453 2237 νομίζω
475 2145 557 2242 πρὸς
586 2143 667 2236 ὑμᾶς
689 2149 802 2233 εἰπεῖν,
826 2141 912 2218 ταῦτ’
934 2145 1041 2218 εἰπών
1069 2150 1118 2218 ἔτι
1139 2154 1195 2218 καὶ
1217 2153 1338 2240 βραχέα
1358 2153 1432 2240 περὶ

231 2253 351 2326 τούτων
379 2259 562 2341 διαλεχθεὶς
590 2250 824 2347 καταβήσομαι.
878 2261 983 2342 Neque
1006 2262 1088 2325 enim
1117 2262 1179 2325 tale
1202 2262 1372 2344 quidquam
1395 2263 1434 2326 ab

232 2369 401 2434 oratoribus
430 2367 580 2451 profertur
614 2367 674 2430 nisi
705 2367 735 2430 in
767 2367 852 2431 initio
881 2369 935 2429 aut
963 2367 1071 2448 epilogi
1100 2371 1153 2431 aut
1181 2369 1290 2449 0001110
1317 2369 1435 2450 epilogi,

233 2476 270 2539 de
292 2492 353 2556 qua
374 2493 407 2537 re
429 2474 565 2538 conferas
584 2473 676 2536 velim
691 2473 905 2537 Demosthenis
922 2471 958 2535 de
975 2471 1158 2536 Chersoneso
1181 2474 1324 2537 orationis
1347 2475 1366 2555 8
1385 2475 1435 2550 76,

232 2580 485 2662 101001100ηο8
509 2579 580 2655 154,
605 2579 990 2658 00010οΑ0101000010008
1013 2579 1086 2655 215,
1109 2581 1214 2643 contra
1237 2579 1436 2644 Theocrinem

232 2688 318 2768 857.
356 2685 461 2768 Neque
483 2685 700 2767 8186-188,
723 2684 776 2747 011
798 2687 995 2765 praecavetur
1016 2704 1054 2749 ne
1076 2685 1213 2749 iudicum
1228 2685 1436 2750 misericordia

232 2812 285 2874 per
305 2793 416 2857 liberos
448 2795 480 2856 01
500 2809 604 2874 preces
633 2791 677 2854 rei
698 2793 864 2865 moveatur,
895 2791 995 2854 causis
1022 2809 1100 2872 quas
1128 2791 1239 2854 Midias
1268 2791 1308 2854 ad
1330 2811 1363 2855 00
1385 2790 1437 2855 10-

233 2898 419 2963 tendendum
442 2898 615 2980 prolaturus
647 2898 694 2960 est
715 2898 784 2977 0010
806 2896 1057 2977 interponuntur,
1087 2896 1141 2960 sed
1168 2900 1289 2979 propter
1311 2897 1438 2961 diversi-

233 3007 329 3070 tatem
351 2997 447 3067 multo
469 3003 581 3067 melius
602 3004 671 3084 post
693 3002 768 3065 haec
791 3021 826 3065 aa
849 3003 989 3067 collocari
1011 3005 1249 3066 consentaneum
1272 3006 1327 3067 est.

321 3109 435 3189 Quodsi
463 3110 689 3174 consideramus
720 3127 780 3172 non
813 3109 910 3172 solum
941 3110 1006 3172 tam
1033 3110 1140 3172 multis
1170 3110 1262 3172 huius
1290 3111 1437 3174 orationis

233 3217 306 3280 loeis
327 3217 446 3280 iustum
467 3235 570 3279 rerum
592 3214 728 3278 ordinem
750 3213 929 3290 desiderari,
959 3233 1030 3278 oum
1056 3215 1074 3296 8
1097 3216 1256 3290 23-41,
1284 3216 1435 3292 51-69,

236 3321 425 3397 143-150,
456 3321 853 3397 175-181‚182-183,
879 3321 1066 3396 184-185,
1101 3322 1271 3384 186-188
1295 3340 1350 3385 000
1372 3322 1436 3386 loco

232 3429 331 3511 posita
362 3447 422 3492 non
453 3428 528 3504 sint,
560 3427 613 3491 sed
649 3427 743 3491 etiam
773 3427 873 3489 multa
910 3444 987 3507 quae
1015 3426 1047 3490 in
1077 3428 1134 3491 hae
1162 3428 1294 3492 oratione
1335 3428 1437 3492 omitti

233 3553 355 3618 prorsus
377 3553 439 3598 non
460 3536 601 3616 poterant
622 3552 683 3596 non
697 3533 836 3608 inveniri,
859 3533 943 3596 velut
964 3552 1024 3596 uno
1047 3536 1168 3615 excepto
1194 3534 1326 3597 aurificis
1351 3535 1437 3598 testi-

233 3641 337 3704 monio
359 3642 457 3703 totam
480 3659 550 3704 eam
571 3642 690 3722 partem
714 3657 774 3720 qua
796 3639 1067 3703 demonstrandum
1090 3643 1155 3704 erat
1182 3641 1293 3720 quibus
1316 3640 1432 3704 iniuriis

234 3747 454 3814 Demosthenes
488 3749 520 3810 et
550 3745 609 3828 ipsi
635 3745 836 3810 Athenienses
870 3765 888 3809 0
916 3745 1010 3810 Μ1110
1042 3766 1095 3828 per
1129 3746 1302 3827 choragiam
1336 3745 1437 3810 affecti

235 3855 337 3919 essent
358 3855 389 3917 01
401 3871 550 3932 magnam
572 3851 678 3932 capitis
703 3851 740 3916 de
763 3870 858 3934 00000
880 3851 992 3916 Midiae
1015 3851 1176 3932 irroganda
1203 3854 1321 3934 partem
1344 3854 1438 3934 atque

235 3979 305 4025 eam
325 3959 449 4042 quidem
472 3976 533 4040 qua
555 3958 593 4021 de
615 3957 776 4022 insolentia
798 3959 829 4022 in
845 3958 1045 4022 Athenienses
1068 3960 1098 4021 et
1119 3957 1151 4021 10
1166 3957 1258 4022 deum
1279 3957 1435 4040 punienda

236 4066 398 4130 dicendum
420 4067 494 4141 erat,
516 4064 614 4128 facere
643 4082 704 4127 non
725 4083 888 4146 possumus
917 4063 991 4146 quin
1019 4064 1099 4126 hano
1120 4064 1287 4128 orationem
1309 4064 1437 4144 qualem

234 4191 316 4237 nuno
338 4171 487 4236 habemus
509 4170 746 4235 aDemosthene
768 4169 934 4253 perfectam
956 4171 1048 4252 atque
1063 4170 1177 4234 editam
1193 4188 1258 4234 esse
1277 4187 1435 4250 negemus.

235 4279 342 4362 Neque
365 4278 448 4343 enim
477 4277 558 4343 orodi
586 4279 686 4360 potest
715 4295 789 4341 casu
817 4275 960 4339 orationis
988 4275 1118 4339 formam
1146 4278 1251 4358 postea
1279 4278 1437 4358 tantopere
