3142 4834
726 207 766 268 37

138 419 323 484 insolentiae
345 419 376 482 in
392 419 632 482 Demosthenem
653 397 834 482 oommissae
848 435 936 480 reum
952 416 1046 480 fuisse
1059 415 1092 498 1),
1114 417 1220 478 tamen
1242 435 1278 479 ex
1292 417 1312 494 ἓ
1328 417 1347 477 6

138 526 243 590 verbis
266 509 303 610 ἣν
317 514 399 609 ἐπέρ
420 514 539 586 τοότων
560 511 781 609 άγανακτήσας
803 519 859 585 καὶ
882 519 1104 606 συνοργισθεὶς
1124 543 1348 606 καταχειροτο-

138 625 212 693 νίαν
227 619 245 693 6
261 628 361 717 δῆμος
377 621 565 716 ἐποιήσατο,
581 619 696 715 ταότην
710 623 892 713 εἰσέρχομαι
908 651 937 692 κ.
945 650 972 690 τ.
979 627 1008 690 λ.
1022 629 1118 709 iisque
1131 646 1209 710 quae
1224 629 1347 710 §assp

138 739 289 817 leguntur
306 731 375 800 ἐστι
399 731 436 799 δέ
458 731 587 819 πρῶτον
607 730 666 816 μὲν
689 731 790 798 ἐκεῖνο
815 721 870 798 οῖσι
893 720 1009 820 άδηλος
1032 729 1110 818 ἐρῶν
1123 783 1129 795 .
1144 783 1150 795 .
1167 782 1173 795 .
1188 782 1195 795 .
1213 723 1256 809 ὡς
1273 783 1280 796 .
1295 783 1302 796 .
1318 781 1346 795 ..

140 837 238 918 δίκας
259 836 346 918 ἰδίας
366 864 424 923 μοι
446 837 607 926 προσῆκεν
638 827 723 926 αι’πηῦ
745 839 859 921 λαχεῖν,
883 837 946 902 τῶν
967 836 1026 921 μέν
1050 833 1189 958 ἱματίων
1207 839 1263 903 καί
1285 837 1349 902 τῶν

138 945 263 1073 χρυσῶη
286 939 450 1035 στεφάνων
471 944 571 1066 τής
511 929 752 1070 ςδιαηνθυρᾶς
764 943 819 1009 καὶ
848 943 903 1032 τής
932 943 1008 1030 περὶ
1037 937 1092 1009 τὸν
1119 937 1212 1030 χορὸν
1240 937 1349 1032 πάσης

140 1049 306 1178 ἐπηρείας,
330 1043 459 1140 βλάβης,
484 1039 614 1116 ωνδΗ
588 1074 634 1128 εις
655 1042 799 1132 τὸσωμα
813 1041 970 1176 ἐβρίσθαι
986 1045 1078 1138 φημί,
1100 1039 1227 1170 όβρεως
1252 1039 1288 1115 06
1301 1043 1349 1134 μά

139 1147 197 1224 Δί
222 1147 301 1278 οηχὶ
314 1154 453 1246 δημοσία
475 1153 591 1242 κρίνειν
613 1145 707 1221 αὐτὸν
728 1156 784 1221 καὶ
806 1152 929 1245 τίμημα
952 1148 1085 1242 ἐπάγειν
1108 1146 1125 1221 6
1146 1181 1180 1220 τι
1201 1149 1257 1244 χρή
1280 1182 1347 1221 πα-

140 1268 217 1330 θεῖν
237 1253 258 1352 6
281 1253 449 1384 άητοτῖσαι.
475 1255 537 1349 ἐγὼ
562 1257 631 1328 δέ
613 1287 646 1327 εν
660 1259 719 1345 μέν
742 1260 843 1326 εκεῖνο
866 1285 899 1326 ευ
885 1247 998 1342 οἶδα,
1022 1260 1078 1326 καὶ
1101 1252 1183 1345 ἐμάς
1205 1260 1242 1384 66
1264 1258 1347 1328 εἰδέ-

140 1395 194 1434 ναι
213 1361 284 1458 χρή,
308 1359 358 1434 ὅτι
380 1365 409 1434 εί
430 1360 475 1456 μή
497 1359 723 1494 προυβαλόμην
745 1358 847 1447 αιἰτόν,
872 1355 941 1432 άλλ
964 1358 1221 1456 ἐδικαζόμην,
1189 1364 1349 1446 ουναντίος

143 1459 159 1490 ἶ
238 1463 258 1490 Ἂ
320 1463 329 1488 )

140 1500 215 1564 ηιεν
236 1500 276 1540 αν
297 1466 394 1552 ευθός
413 1497 472 1558 μοι
486 1465 626 1560 λόγος
602 1499 654 1553 ιυς,
671 1468 763 1559 ε’ίπερ
784 1459 821 1561 ήν
841 1497 874 1537 τι
889 1465 1008 1538 τοότων
1030 1461 1161 1560 ἀληθές,
1185 1472 1347 1560 προβαλέ-

142 1587 223 1646 σθει
242 1608 266 1664 μ
268 1569 369 1646 ἐδει
391 1605 447 1644 και
438 1568 547 1666 παρ’
571 1568 650 1644 αι’τὰ
677 1567 940 1700 τάδικήματα
907 1602 963 1666 την
983 1577 1139 1665 τιμωρίαν
1161 1584 1347 1645 ποιεῖσθαι·

145 1712 164 1752 o
184 1711 219 1752 τε
241 1679 298 1775 γὰρ
320 1679 412 1774 χορὸς
433 1672 470 1773 ἦν
490 1684 547 1773 τής
567 1674 745 1765 πόλεως,“
726 1707 794 1773 ητε
810 1676 912 1773 ἐσθης
932 1683 989 1773 τῆς
1012 1680 1120 1807 ἐορτης
1142 1683 1233 1750 ἕνεκα
1255 1685 1348 1752 πάσα

145 1785 396 1880 παρεσκεόαστο,
421 1783 483 1878 ἐγώ
505 1815 539 1855 τε
565 1781 582 1855 6
605 1782 786 1868 πεπονθὼς
815 1789 914 1856 ταῦτα
935 1783 1067 1878 χορηγὸς
1088 1777 1139 1879 ήν·
1163 1789 1213 1870 τίς
1234 1779 1273 1857 66
1296 1777 1349 1858 οὖν

145 1897 254 1986 ἑτέραν
282 1899 384 1963 είλετο
411 1885 616 1984 τιμωρίαν”
596 1922 615 1984 η
643 1889 716 2018 τήν
729 1894 766 1960 ἐκ
794 1894 851 1961 τοῦ
877 1889 975 2018 ηόμου
1004 1889 1087 1962 κατὰ
1109 1895 1173 1962 τῶν
1195 1897 1271 1984 περὶ
1293 1891 1349 1987 τήν

142 1998 252 2129 ἐηρτην
274 1993 468 2070 άδικουντων
491 1989 604 2083 οόσανς
629 2027 706 2067 ταυτ
739 2026 773 2068 ευ
757 1989 899 2068 066⁰
882 2026 932 2067 οτι
954 1991 1049 2067 πάντ’
1072 1991 1111 2068 ἐν
1133 1987 1292 2090 ἔλεγεν
1258 2028 1349 2082 ουτος

138 2105 214 2178 τότε
230 2113 331 2177 oollat'
309 2116 349 2176 tis
366 2131 437 2175 oum
452 2113 472 2191 ξ
488 2113 528 2174 28
551 2134 595 2196 μη
582 2101 649 2197 δή
667 2107 760 2174 τοῦτο
782 2108 885 2196 λέγειν
904 2097 997 2174 a6r6v
1013 2105 1093 2190 ἐᾶτε,
1118 2099 1169 2175 ὅτι
1183 2135 1239 2175 και
1231 2108 1349 2188 δίκας

140 2215 243 2340 ἰδίας
252 2205 424 2282 δίδωσιν
408 2238 425 2279 ο
448 2206 543 2297 νόμος
564 2238 622 2297 μοι
652 2214 708 2280 καί
738 2207 861 2335 γραφήν
882 2204 1014 2303 όβρεως·
1047 2212 1164 2281 δίδωσι
1186 2209 1254 2342 γάρ·
1277 2205 1347 2281 άλλ

141 2349 186 2402 ως
209 2312 245 2389 06
268 2318 448 2409 πεποίηκεν
469 2347 491 2385 α
473 2306 771 2441 “aoe6y666ao6‘
751 2345 770 2410 η
792 2344 984 2409 πεποιηκως
1007 2309 1042 2386 06
1064 2321 1140 2409 περὶ
1161 2314 1217 2410 τήν
1241 2314 1349 2410 ἑορτήν

139 2420 258 2509 άδικεῖ,
282 2427 376 2494 τοῦτο
392 2418 552 2492 δεικνότω
575 2451 669 2493 τουτο
685 2419 744 2514 γὰρ
760 2415 853 2492 αὐτὸν
869 2419 931 2514 ἐγὼ
948 2420 1181 2516 προυβαλόμην,
1199 2427 1347 2516 καὶπερὶ

139 2528 255 2602 τοότου
276 2527 333 2623 τήν
355 2532 466 2623 ψῆφον
482 2527 584 2600 οῖ’σετε
600 2531 652 2598 νόν
666 2524 771 2616 ἐμεῖς,
795 2535 902 2599 deinde
918 2554 953 2599 ex
968 2536 1041 2615 §40
1065 2531 1132 2598 πᾶν
1147 2526 1205 2620 γὰρ
1219 2523 1348 2599 τοόναν-

140 2639 211 2707 τίον
235 2638 370 2718 ἐκείνοις
392 2629 485 2718 αῖπὸς
511 2637 570 2724 μέν
592 2627 661 2704 υότε
683 2631 790 2723 λαβὼν
814 2627 904 2704 οόδέν
934 2627 998 2704 οὐτ’
1015 2632 1220 2728 ἐπιχειρήσας
1239 2641 1350 2724 λαβεῖν

141 2740 339 2836 φανήσομαι,
361 2738 417 2833 τήν
439 2735 468 2811 δ’
489 2737 571 2831 ὑπὲρ
593 2743 655 2810 τῶν
677 2737 781 2828 νόμων
802 2743 858 2809 καί
879 2737 934 2834 τήν
948 2736 1030 2832 όπέρ
1048 2745 1105 2810 τοῦ
1120 2745 1200 2811 θεοῦ
1217 2745 1273 2811 καί
1293 2738 1350 2835 τήν

139 2846 225 2940 όπέρ
245 2844 334 2936 ὑμῶν
353 2849 508 2938 τιμωρίαν
530 2848 665 2929 δικαίως
693 2843 835 2940 φυλάξας
863 2850 918 2915 καί
941 2849 993 2916 νῦν
1018 2840 1238 2930 άποδεδωκως
1264 2842 1346 2935 ipra,

138 2981 229 3046 porro
252 2961 543 3040 eigins-181,
571 2961 625 3022 ubi
647 2959 783 3041 exempla
805 2978 910 3024 eorum
939 2961 1007 3042 qui,
1036 2963 1197 3042 postquam
1220 2961 1348 3043 populus

141 3069 225 3133 diem
239 3067 354 3132 festum
377 3085 426 3129 eos
448 3066 605 3130 violavisse
628 3065 788 3139 iudicarit,
810 3067 843 3128 in
865 3065 976 3130 iudioio
999 3068 1131 3146 graviter
1151 3069 1251 3148 puniti
1275 3071 1348 3131 sunt

141 3175 185 3238 sie
203 3173 398 3256 proferuntur
411 3175 446 3236 ut
462 3191 566 3235 eorum
582 3172 697 3235 crimen
712 3172 834 3234 rooibus
858 3168 934 3257 περὶ
957 3161 1012 3258 τήν
1036 3161 1143 3256 ἑορτήν
1165 3159 1287 3235 ἀδικεῖν
1310 3174 1349 3237 ad

140 3283 263 3345 laesam
279 3278 456 3359 religionem
470 3277 631 3341 manifesto
644 3278 851 3360 spectantibus
865 3278 1051 3358 significetur
1062 3279 1097 3362 ⁹),
1119 3280 1187 3342 tum
1203 3299 1239 3343 ex
1253 3282 1272 3359 ς
1284 3279 1348 3342 214

139 3472 303 3526 memoratur
320 3473 426 3538 propter
446 3469 600 3540 religionem
617 3469 716 3525 laesam
729 3485 787 3524 eam
799 3471 896 3524 laetam
908 3486 965 3524 esso
978 3472 1102 3538 appareat
1118 3487 1204 3539 neque
1222 3489 1349 3540 umquam

139 3563 247 3630 propter
271 3558 355 3613 solam
376 3558 544 3612 insolentiam
569 3559 638 3626 apud
662 3558 789 3627 populum
815 3575 975 3627 quemquam
999 3561 1153 3613 accusatum
1177 3575 1235 3614 esse
1257 3563 1349 3614 notum

139 3650 184 3717 sit,
204 3665 258 3716 qua
276 3647 309 3700 de
326 3663 354 3699 re
373 3647 404 3700 el.
415 3645 498 3699 Meier
515 3647 569 3699 und
588 3646 751 3700 Sehoemann
769 3647 903 3700 Attiseher
920 3647 1030 3701 Prooess
1052 3666 1076 3716 p.
1090 3647 1236 3703 arr-277.
1255 3649 1348 3718 Itaque

139 3756 156 3792 a
173 3735 283 3790 librario
301 3735 489 3802 interpretandi
509 3751 588 3788 eausa
605 3735 731 3787 videntur
749 3735 837 3788 addita
855 3751 920 3790 esso.

232 3825 252 3893 ¹)
272 3823 348 3888 Quod
365 3826 420 3876 tam
438 3822 530 3876 mnltis
548 3823 614 3876 loeis
633 3824 717 3876 orator
736 3824 774 3876 sie
792 3822 911 3891 loquitur
928 3825 958 3877 ut
975 3824 1129 3878 insolentiae
1141 3824 1252 3879 Midiam
1269 3842 1347 3880 aeon·

141 3929 201 3967 sare
218 3912 344 3966 videatur·
371 3927 401 3964 oo
419 3911 567 3979 explicatur
585 3911 655 3979 quod
678 3911 764 3966 laesae
787 3911 923 3980 religionis
942 3912 1049 3981 crimen,
1069 3913 1138 3981 quod
1156 3915 1237 3982 eaput
1254 3930 1348 3968 causae

140 4004 189 4069 est,
207 4003 296 4054 lotum
315 3999 343 4052 in
368 3999 528 4053 eontumelia
549 3999 721 4053 Demostheni
744 3999 812 4053 inter
830 4000 884 4054 diei
901 4001 962 4054 festi
979 4001 1116 4054 sollemnia
1137 3999 1211 4055 illata
1228 4003 1347 4057 vertitur.

231 4089 252 4158 Ξ)
272 4089 309 4142 Cf.
323 4089 338 4156 ξ
352 4089 401 4141 175
415 4103 469 4156 sqq.
488 4083 619 4155 βσόλομαι
636 4093 727 4139 τοίνυν
745 4081 813 4156 ὑμῖν,
833 4109 854 4140 ω
874 4083 966 4160 ἄνδρες
980 4081 1130 4155 Ἀθηναῖοι,
1149 4095 1193 4141 καὶ
1205 4083 1278 4143 finam
1296 4084 1347 4157 ήδη

140 4171 449 4246 καταχειροτονήσαντος
467 4175 516 4226 τσῦ
536 4172 621 4244 δήμου
632 4181 694 4246 περὶ
706 4170 756 4242 τὴν
769 4170 865 4246 ἑορτήν
876 4171 975 4230 ἅδικεῖν
986 4171 1057 4245 ὑμεῖς
1069 4175 1252 4250 κατεγνώκατε
1264 4180 1349 4232 εἰπεῖν

140 4270 187 4316 καὶ
206 4263 291 4324 δεῖξαι
309 4270 338 4314 τί
355 4261 526 4328 πεποιηκότες
545 4257 633 4316 αάτῶν
651 4267 716 4316 ἔνιοι
734 4271 805 4319 τίνος
828 4258 905 4336 ἇργῆε
923 4263 1097 4333 τετυχήκασιν
1120 4263 1184 4337 παρ’
1202 4260 1282 4335 ὑμῶν,
1304 4268 1347 4318 ίνα
