3142 4834
210 446 303 510 huius
325 448 468 512 orationis
491 449 664 531 fragmenta
686 453 822 533 collegit,
849 453 995 534 quoniam
1017 453 1175 535 aptissime
1198 472 1270 517 cum
1292 471 1424 534 sequen-

210 553 293 617 tibus
321 558 541 638 oonectnutur‚
572 558 770 622 statuendum
794 562 840 622 θεῖ
871 562 960 622 autea
990 559 1084 622 etiam
1114 559 1176 622 alia
1206 559 1346 624 eiusdem
1377 560 1424 624 rei

212 661 349 742 exempla
371 665 522 726 oratorem
544 666 599 727 aut
621 665 760 730 attulisse
783 683 861 746 quae
891 665 1033 747 perierint
1055 667 1110 728 aut
1138 665 1267 729 voluisse
1296 664 1421 730 addere.

209 765 351 830 Proxima
375 768 404 850 (ὅ
423 769 617 855 rae-185)
642 774 763 852 propter
784 771 906 834 initium
929 770 1110 852 perorationi
1134 771 1328 852 adiungenda
1352 791 1423 852 esse

208 873 273 934 iam
297 875 387 936 antea
410 874 449 957 (p.
466 875 521 958 48)
545 877 730 953 monuimus,
762 895 820 958 qno
843 877 907 940 loco
929 877 972 940 ihi
993 861 1132 958 ponenda
1155 877 1216 940 sint
1242 880 1348 958 postea
1373 897 1424 942 ce-

209 997 400 1058 gncscemus.
436 980 517 1044 Tum
539 1002 607 1047 vero
629 1001 738 1066 pamm
761 985 925 1065 opportune
949 1001 1054 1046 eorum
1077 1001 1156 1064 quac
1173 983 1285 1048 Midias
1307 1003 1361 1066 pro
1387 1003 1421 1048 se

209 1083 346 1149 dictums
370 1090 417 1151 est
439 1088 638 1152 confutationi
659 1089 819 1153 intercedit
840 1089 1066 1153 lamentationis
1087 1092 1179 1170 atquc
1194 1089 1421 1172 deprecationis

209 1191 275 1254 eius
314 1193 513 1274 reprehensio.
575 1193 675 1273 Quam
704 1195 801 1258 multo
840 1194 1029 1258 commodius
1058 1195 1092 1258 in
1124 1195 1185 1259 fine
1218 1213 1325 1260 eorum
1359 1196 1422 1276 legi

213 1297 324 1377 quibus
347 1299 397 1362 ille
419 1300 569 1363 refellitur
591 1303 697 1382 sponte
720 1303 853 1382 apparet.
890 1300 940 1364 lta
963 1301 988 1364 si
1007 1301 1050 1376 fit,
1074 1299 1206 1365 secundo
1227 1301 1291 1365 loco
1305 1301 1422 1365 Midias

210 1403 404 1486 oppositurus
434 1408 482 1468 est
504 1405 744 1472 Demosthenem
774 1406 894 1470 dicendi
923 1407 1068 1471 facultate
1096 1406 1306 1482 maechati,
1337 1408 1422 1488 quod

215 1509 231 1589 ,ξ
259 1510 430 1574 lae-190
452 1510 661 1592 redarguitur;
690 1514 899 1593 tertiumque
927 1513 976 1576 illc
1006 1532 1037 1577 sc
1066 1511 1245 1576 defensurus
1269 1516 1332 1589 θεῖ,
1361 1513 1425 1578 De-

212 1616 407 1680 mosthenem
428 1617 530 1680 omnia
551 1618 698 1682 meditata
721 1620 752 1682 ct
779 1621 960 1700 praeparata
983 1618 1098 1694 dicere,
1127 1619 1144 1700 ἕ
1170 1619 1229 1682 191
1243 1619 1356 1682 -192
1382 1619 1425 1682 ad

211 1721 335 1784 irritum
364 1722 529 1802 redigitur;
564 1728 672 1806 quarto
705 1727 769 1788 loco
797 1724 935 1787 salaciae
969 1722 1176 1788 discutiuntur
1207 1725 1318 1807 quibus
1349 1744 1423 1789 rcus

212 1827 314 1910 populi
337 1828 480 1909 suffragia
502 1830 699 1894 incussimus
722 1833 785 1907 θεῖ,
816 1848 893 1912 quae
925 1848 996 1912 pars
1025 1849 1124 1911 usque
1157 1830 1196 1893 ad
1219 1830 1236 1911 ξ
1260 1831 1323 1893 205
1352 1850 1425 1895 con-

210 1933 359 2008 tinuatur,
382 1935 526 2017 quoniam
548 1936 755 2018 §202-204
779 1937 826 1999 illi
847 1935 1032 1999 incusationi
1055 1935 1185 2000 obicitur
1217 1955 1279 2017 qua
1301 1937 1424 2001 ratione

211 2039 275 2121 ipsc
305 2039 416 2104 Midias
443 2043 475 2106 in
503 2042 693 2106 contionibus
725 2061 757 2106 εθ
786 2060 890 2123 gerere
923 2042 1028 2106 soleat.
1081 2039 1281 2106 Oouoluditur
1315 2045 1425 2106 autem

213 2145 326 2210 Midiae
348 2147 500 2223 refutatio,
524 2149 549 2212 si
569 2167 676 2212 verum
698 2149 840 2229 estquod
863 2167 955 2230 supra
979 2147 1162 2223 monuimus,
1186 2147 1222 2211 iis
1241 2149 1353 2230 quibus
1377 2151 1425 2213 rei

209 2253 460 2318 lamentationem
484 2257 576 2336 atque
599 2254 841 2336 deprecationem
865 2256 965 2317 orator
985 2254 1149 2336 praevertt
1173 2253 1201 2335 (ᾗ
1221 2255 1422 2338 rao-188).

212 2357 357 2439 Sequitur
372 2378 477 2423 eorum
493 2361 544 2442 qui
559 2379 611 2442 pro
633 2379 683 2424 reo
696 2360 787 2423 verba
802 2360 913 2423 facturi
929 2361 1001 2422 suut
1015 2358 1158 2422 refutatio
1176 2358 1205 2442 (ξ
1219 2359 1422 2445 aot-2225),

211 2483 289 2546 quac
312 2484 347 2528 ex
370 2465 489 2530 duabus
511 2467 649 2549 partibus
679 2469 808 2530 constat.
860 2466 964 2529 Altera
993 2464 1022 2547 (ᾖ
1046 2466 1249 2548 aot-207)
1265 2465 1421 2543 Eubulus

187 2571 306 2634 altera
337 2572 367 2652 (ξ
390 2572 576 2655 208-225)
607 2572 792 2653 reliquorum
819 2571 950 2635 divitum
980 2570 1092 2634 Midiae
1121 2571 1304 2648 amicorum,
1335 2572 1423 2636 velut

214 2677 404 2758 Philippicis,
420 2678 651 2754 Mnesarchidis
667 2678 803 2754 Dictimi‚
819 2679 958 2752 aliomm
974 2696 1077 2760 preces
1091 2677 1312 2760 impugnantur
1325 2678 1424 2760 idque

212 2782 333 2846 duabus
343 2784 520 2860 rationibus,
533 2785 686 2865 acquitate
699 2783 921 2866 (gata—212)
932 2786 962 2847 et
971 2783 1143 2846 constantia
1155 2783 1184 2865 (ᾗ
1192 2784 1381 2868 213-225)
1389 2787 1423 2868 ¹),

301 2976 320 3045 ¹)
339 2979 353 3045 ξ
373 2976 424 3030 218
442 2977 523 3031 verba
539 2971 630 3048 πότερ’
649 2963 696 3029 cdv
713 2971 809 3028 τρίτου
832 2981 976 3047 γενομένου
1080 2979 1200 3046 κρίνεται
1223 2971 1300 3026 κοινά
1318 2991 1349 3029 eo
1368 2993 1424 3044 quo

198 3063 336 3134 leguntur·
352 3064 409 3118 loco
428 3067 503 3119 extra
525 3081 614 3118 rerum
640 3064 833 3119 cohaerentiam
855 3064 941 3132 posita
964 3064 1034 3118 sunt.
1075 3063 1146 3116 Nam
1169 3063 1286 3132 primum
1310 3057 1423 3132 quidem

211 3169 265 3206 vox
282 3150 393 3216 τούτου,
419 3155 450 3206 ut
467 3153 589 3207 Blassius
608 3154 635 3223 (l.
653 3153 670 3208 l.
695 3171 720 3221 p.
739 3153 790 3206 296
809 3151 867 3206 adn.
886 3151 912 3220 5)
929 3153 1000 3205 recte
1019 3151 1093 3219 dicit,
1111 3168 1162 3205 uon
1180 3151 1260 3205 habet
1282 3167 1334 3220 quo
1352 3154 1423 3206 refe-

210 3242 297 3308 ratur3
316 3242 411 3295 deiude
428 3242 508 3295 totam
522 3242 617 3296 horum
634 3241 775 3295 verborum
793 3239 950 3293 seutentiam
967 3240 1012 3293 hic
1031 3241 1120 3307 aptam
1137 3256 1189 3293 non
1208 3255 1265 3294 esse
1277 3239 1423 3295 Nitschius

211 3328 238 3396 (l.
257 3329 274 3384 l.
293 3347 318 3398 p.
338 3330 382 3398 90)
401 3331 522 3386 ostendit.
558 3331 652 3399 Neque
670 3329 742 3382 onim
760 3328 809 3381 hoc
827 3327 884 3381 loco
902 3328 990 3397 agitur
1007 3328 1039 3380 dc
1051 3327 1136 3382 Midia
1148 3331 1253 3397 propter
1270 3328 1422 3397 nequitiam

212 3418 240 3470 in
265 3419 471 3472 Demosthenem
493 3406 614 3472 itdrutam
638 3417 784 3487 puniendo,
813 3417 859 3469 sed
883 3417 1029 3470 affirmatur
1052 3416 1139 3470 scelus
1162 3417 1191 3469 iu
1214 3417 1422 3471 Demosthenem

212 3507 355 3576 choregum
378 3507 549 3562 commissum
567 3509 671 3560 tanturn
689 3522 746 3560 esse
770 3507 801 3558 ut
824 3521 885 3558 reus
903 3503 975 3558 nullo
998 3505 1075 3558 modo
1099 3505 1201 3559 absolvi
1224 3505 1315 3574 possit.
1353 3505 1424 3560 Tum

211 3595 292 3648 verba
315 3589 389 3662 κοινὴ
413 3589 465 3667 γὰρ
490 3589 506 3662 ἦ
525 3601 609 3667 κρίσις
625 3601 670 3646 καὶ
692 3587 861 3662 τᾶδικήματα
878 3589 955 3645 κοινά
974 3595 1033 3646 ante
1052 3593 1131 3661 §219
1149 3593 1275 3648 collocata
1292 3594 1355 3646 ferri
1373 3611 1423 3648 ne-

212 3685 320 3753 queunt,
339 3701 400 3738 oum
419 3683 480 3737 inde
498 3702 514 3738 a
532 3684 611 3753 §219
629 3684 720 3738 cadem
745 3682 875 3736 sententia
892 3682 930 3735 ita
948 3683 1094 3750 exponatur
1111 3682 1195 3735 utils
1214 3697 1280 3750 quac
1298 3682 1422 3750 proxime

212 3773 371 3826 antecedunt
388 3773 459 3825 idem
477 3773 508 3826 ah
527 3774 628 3826 oratore
645 3772 699 3826 iarn
718 3771 819 3824 dictum
838 3787 895 3824 θεεθ
914 3770 986 3823 credi
1004 3770 1110 3824 omnino
1133 3787 1184 3823 non
1203 3770 1294 3838 possit.
1330 3772 1422 3839 Atque

212 3861 352 3915 Nitschius
361 3861 426 3914 hacc
439 3862 519 3915 verba
528 3863 610 3929 post§
625 3861 676 3912 222
685 3860 766 3914 rerba
779 3853 826 3910 ἐὰν
838 3858 874 3922 δέ,
886 3851 943 3911 τότ)
956 3851 1093 3929 ὀργιεῖσθε
1102 3858 1150 3910 νῖν
1163 3852 1289 3928 ἀφέντες,-
1300 3861 1424 3926 ponenda

213 3966 270 4003 osso
289 3952 385 4004 censet.
422 3950 474 4004 Sed
495 3966 528 4002 ne
546 3949 584 4002 ibi
608 3949 716 4018 quidem
734 3950 795 4016 apta
818 3949 894 4014 sunt,
919 3963 981 4000 cum
1004 3946 1039 3999 iis
1062 3946 1133 4000 haud
1158 3947 1224 4000 bene
1242 3947 1424 4015 adiungantur

211 4039 291 4092 verba
314 4035 454 4106 μηδαμῶς,
479 4025 501 4089 td
519 4032 614 4108 ἄνδρες
638 4035 774 4099 δικασταί,
798 4029 835 4104 μὴ
859 4033 982 4106 προδῶτε
1003 4027 1066 4102 μήτ’
1085 4038 1131 4102 ἐμὲ
1153 4028 1223 4103 μήθ’
1242 4029 1308 4103 ὑμᾶς
1326 4029 1424 4094 αὐτοὺς

210 4124 278 4194 μήτε
295 4121 355 4182 τοὺς
372 4123 474 4195 νόμους.
515 4125 565 4180 Ille
587 4125 669 4179 verba
693 4140 772 4177 suurn
795 4123 882 4178 locum
906 4122 1047 4190 recipiunt,
1070 4122 1094 4176 si
1118 4123 1224 4176 inverso
1247 4122 1337 4176 ordine
1362 4128 1425 4192 post

211 4216 290 4284 §2¹22
309 4214 482 4283 collocantur3
500 4215 633 4283 compost
650 4207 687 4282 μὴ
705 4211 828 4282 προδῶτε
845 4204 907 4280 μήτ)
927 4213 973 4278 ἐμὲ
991 4204 1060 4278 μήδ’
1079 4204 1145 4278 ὑμᾶς
1163 4205 1256 4266 αὖτοὺς
1273 4207 1341 4279 μήτε
1360 4207 1425 4269 τοὺς

211 4301 306 4373 νόμους
329 4303 465 4373 aptissime
490 4303 611 4372 sequitur·
628 4295 703 4366 κοινὴ
728 4294 779 4371 γὰρ
802 4295 931 4371 ἡκρίσις,
958 4304 1002 4350 καὶ
1030 4291 1200 4366 τάδικήματα
1222 4291 1301 4351 πάντ’
1321 4291 1364 4368 ἐφ’
1386 4301 1426 4358 οἷς
