3142 4834
784 261 801 323 7

188 472 316 535 Plurimi
338 474 503 553 atrurnque
525 472 626 536 locum
649 472 887 536 aDemosthene
908 471 1055 552 scriptum
1071 491 1137 536 esse
1152 474 1271 554 putant.
1308 472 1393 537 Inter

187 597 263 659 quos
278 577 436 658 Taylorus
453 576 656 660 Spaldingius
679 578 849 642 Bocchhius
865 582 1015 642 oratorem
1037 580 1105 641 utro
1121 578 1185 641 loco
1209 579 1393 644 sententiam

185 685 272 748 illam
303 685 446 748 retineret
476 684 632 747 dubitasse
662 684 845 748 existimant.
898 682 958 748 Sed
986 685 1045 748 hac
1066 683 1183 747 ratione
1205 683 1391 768 Hauptius1)

187 789 387 854 Demostheni
408 789 537 853 nimiam
552 790 739 872 imperitiam
760 790 905 872 imputari
926 792 1012 854 ratus
1029 790 1285 872 comparationem
1307 790 1393 854 illam

187 896 204 978 5
230 896 301 971 184,
324 895 379 958 ubi
401 895 497 958 otiosa
520 895 569 972 sit,
593 914 664 959 cum
687 897 800 978 optimo
822 897 887 961 iure
911 895 1097 977 adiungatur
1118 895 1165 959 illi
1187 895 1224 960 de
1241 893 1392 960 Stratonis

188 1001 363 1065 calamitate
386 1002 565 1078 narrationi,
596 1002 756 1066 delendam
784 1021 850 1066 esse
880 1004 983 1068 censet
1012 1019 1084 1065 cum
1112 1002 1220 1066 ceteris
1247 1021 1325 1084 1111
1347 1022 1393 1067 se·

187 1110 325 1188 quuntur
345 1127 442 1189 usque
465 1107 504 1172 ad
524 1108 541 1190 5
567 1108 638 1172 192.
682 1107 762 1172 Sane
785 1109 918 1191 quidem,
949 1109 975 1172 si
1003 1107 1124 1172 omnino
1147 1125 1225 1190 quae
1254 1108 1293 1171 ad
1314 1108 1392 1171 iudi-

186 1233 258 1278 cum
280 1213 519 1278 misericordiam
539 1215 753 1278 removendam
776 1214 793 1297 5
816 1216 857 1278 99
881 1235 925 1296 11.
955 1214 1147 1297 proferuntur
1174 1231 1245 1277 eum
1273 1214 1326 1297 qui
1353 1215 1391 1278 iis

186 1320 356 1384 secundum
387 1319 502 1384 iustam
529 1320 671 1384 orationis
701 1321 927 1403 dispositionem
955 1320 1082 1384 debetur
1108 1321 1211 1384 locum
1243 1323 1390 1398 tenerent,

185 1426 239 1488 illa
262 1445 380 1507 quoque
404 1425 440 1490 de
463 1445 554 1490 erano
569 1427 752 1508 comparatio
773 1426 790 1509 5
808 1427 868 1490 101
894 1445 948 1491 suo
970 1429 1051 1490 esset
1071 1427 1153 1501 loco;
1177 1427 1230 1492 sed
1250 1411 1391 1508 equidem

185 1532 218 1595 in
240 1532 257 1614 5
283 1532 344 1594 186
367 1531 481 1598 iustam
504 1532 569 1596 eius
590 1550 700 1596 causae
723 1532 825 1598 sedem
848 1551 914 1596 esse
936 1532 1074 1608 arbitror,
1102 1551 1174 1596 cum
1194 1533 1238 1596 ibi
1260 1552 1332 1596 cum
1354 1552 1390 1598 ea

184 1640 271 1720 parte
293 1635 458 1702 coniuncta
474 1639 513 1701 sit
535 1657 596 1721 qua
619 1641 719 1702 cetera
740 1657 859 1721 quoque
881 1657 959 1721 quae
982 1641 1013 1702 et
1027 1637 1137 1702 Midias
1159 1639 1224 1721 ipse
1246 1641 1278 1704 et
1299 1640 1390 1704 amici

185 1745 251 1808 eius
278 1746 314 1807 ut
336 1745 511 1808 absolvatur
545 1744 655 1809 dicturi
685 1745 733 1808 vel
761 1744 872 1808 facturi
896 1744 958 1808 sint
986 1743 1165 1808 refutentur.
1217 1744 1387 1822 Praeterea,

185 1868 375 1931 quamquam
397 1851 502 1930 negari
523 1869 584 1913 uon
607 1853 706 1932 potest
727 1869 947 1932 nonnunquam
971 1850 1009 1914 ab
1029 1850 1294 1932 interpolatoribus
1316 1851 1390 1915 talia

184 1955 289 2019 addita
312 1974 392 2032 esse,
421 1959 525 2020 tamen
554 1957 791 2026 alterumutrum
815 1956 924 2020 horum
950 1958 1087 2020 locorum
1117 1956 1156 2020 ab
1178 1955 1389 2038 interpolatore

185 2062 286 2142 aliquo
307 2062 477 2144 profectum
498 2081 564 2126 esse
580 2062 674 2126 statui
695 2081 756 2126 non
770 2064 877 2144 potest,
901 2081 981 2138 cum,
1005 2064 1040 2124 ut
1057 2060 1199 2127 Schaefer
1214 2062 1290 2126 beno
1306 2062 1389 2138 dixit,

184 2167 260 2230 nihil
281 2168 315 2230 in
329 2167 402 2250 ipsis
424 2167 499 2232 insit
514 2187 572 2250 quo
591 2187 609 2232 a
623 2167 828 2233 Demosthene
844 2187 894 2232 eos
918 2168 1100 2250 conscriptos
1117 2187 1178 2232 non
1200 2187 1266 2232 esse
1282 2187 1390 2250 cogno-

185 2277 298 2338 scatur.
342 2272 500 2338 Dobraeus
523 2277 629 2339 autem
651 2277 682 2338 et
705 2273 918 2356 Spengeliusll
948 2275 1049 2338 totum
1076 2273 1207 2356 priorem
1229 2274 1267 2338 de
1289 2276 1388 2340 enanis

184 2381 287 2444 locum
308 2400 368 2443 non
391 2381 597 2445 necessarium
627 2399 693 2444 esse
715 2381 821 2446 dicunt
846 2380 877 2443 in
902 2380 1124 2444 sententiarum
1146 2399 1240 2456 nexu,
1270 2383 1388 2463 postero

184 2488 290 2549 autem
312 2487 376 2550 loco
398 2486 485 2550 iilam
508 2486 765 2568 comparationem
779 2486 880 2551 omitti
901 2505 963 2550 non
984 2504 1082 2568 posse,
1103 2487 1178 2568 1111
1200 2488 1265 2550 tota
1286 2505 1388 2550 rerum

184 2592 376 2656 cohaerentia
397 2592 645 2674 interrumpatur.
691 2591 752 2656 Sed
773 2593 838 2669 hoc,
866 2591 1005 2674 quamvis
1027 2610 1134 2656 verum
1156 2593 1205 2670 sit,
1228 2611 1291 2656 non
1313 2593 1387 2658 sah's

184 2700 233 2762 est
254 2717 365 2762 causac
388 2717 442 2762 cur
470 2699 555 2762 illam
581 2699 839 2780 comparationem
872 2698 976 2780 5101
1009 2698 1179 2763 eiciendam
1208 2717 1274 2763 esse
1301 2701 1389 2781 pute·

183 2803 345 2880 11111111
368 2804 452 2868 aliud
475 2804 548 2886 quid
571 2804 687 2868 accedit
717 2823 775 2886 quo
796 2805 885 2869 illum
913 2806 1016 2868 locum
1043 2808 1220 2887 suspectum
1248 2824 1313 2870 esse
1336 2824 1388 2888 ap-

182 2913 298 2992 pareat.
341 2909 422 2974 Tum
443 2929 511 2974 vero
534 2929 572 2973 ne
596 2929 631 2975 ea
653 2911 777 2992 quidem
803 2929 835 2974 re
857 2913 920 2974 tota
942 2910 1107 2974 difficultas
1129 2911 1261 2986 tollitur;
1291 2914 1388 2976 restat

182 3016 266 3080 enim
288 3014 424 3098 repetitio
441 3035 639 3098 eorumquae
661 3016 698 3081 de
713 3017 918 3081 misericordia
939 3035 992 3098 per
1010 3017 1119 3080 liberos
1142 3018 1290 3081 movenda
1305 3018 1386 3082 dicta

182 3125 265 3186 sunt.
319 3121 513 3204 Quamquam
544 3124 649 3186 autem
676 3142 729 3204 pro
757 3126 838 3187 certo
869 3123 1070 3187 demonstrari
1098 3141 1159 3186 nou
1185 3125 1285 3206 potest
1314 3144 1387 3206 quo-

182 3227 272 3292 modo
295 3228 412 3292 facturn
435 3228 475 3292 sit
495 3231 533 3292 ut
553 3228 671 3293 duobus
693 3230 766 3293 locis
788 3229 841 3293 illa
863 3229 1252 3311 1111111111111111111111,
1280 3233 1386 3295 tamen

182 3353 219 3398 ex
242 3334 336 3398 totius
357 3333 501 3398 orationis
524 3334 699 3399 condicione
727 3334 759 3398 id
787 3335 875 3399 facile
897 3334 1038 3416 exphcari
1064 3353 1150 3416 posse
1180 3337 1283 3417 postea
1305 3336 1387 3400 vide—

182 3440 301 3514 bimum
323 3440 355 3503 id
371 3439 494 3521 quidem
510 3442 629 3504 eertum
652 3443 699 3504 est
720 3441 752 3504 in
767 3441 901 3506 oratione
917 3441 1063 3522 perpolita
1085 3440 1162 3504 illud
1178 3441 1247 3505 ferri
1263 3443 1385 3506 omnino

181 3565 243 3630 non
263 3564 360 3628 posse.

270 3651 431 3716 Praeterea
459 3671 537 3733 1111
566 3651 635 3716 inde
666 3652 724 3734 a5
748 3652 932 3716 189-192
961 3653 1104 3733 leguntur
1132 3654 1287 3718 nonnullis
1314 3655 1385 3719 viris
1449 3679 1451 3686 ¹

181 3757 278 3822 doctis
301 3775 432 3837 magnae
462 3757 617 3821 offensioni
638 3758 769 3822 fuerunt.
814 3758 969 3840 Hauptius
993 3761 1024 3822 et
1046 3757 1190 3824 Schaefer
1212 3761 1385 3842 vituperant

183 3863 264 3946 quod
300 3863 317 3945 5
353 3864 464 3926 189-
477 3863 538 3926 190
583 3863 664 3928 idern
701 3865 851 3928 refutetur
896 3868 987 3946 11111
1024 3865 1196 3946 insequenti
1233 3867 1384 3948 particula

182 3971 199 4053 5
225 3969 426 4044 191-192,
454 3968 485 4032 id
514 3969 595 4050 quod
622 3970 685 4033 iarn
716 3969 879 4034 scholiasta
905 3971 1153 4037 animadverterit
1180 3972 1278 4037 verbis
1308 3965 1385 4054 μίαν
1444 3979 1447 3983 ’

274 4232 293 4300 ¹)
311 4232 415 4286 Vierter
426 4233 443 4286 J
443 4231 622 4287 ahresbericht
632 4235 676 4286 fiir
688 4233 730 4286 die
742 4234 885 4288 stadtische
894 4233 1052 4289 Realschule
1064 4253 1098 4289 zu
1107 4236 1192 4290 Posen
1213 4254 1235 4292 a.
1248 4237 1315 4292 1857
1326 4256 1350 4308 p.
1358 4240 1382 4293 5.

272 4320 292 4389 r)
310 4321 342 4374 In
358 4320 486 4391 Philolog.
504 4321 585 4375 XVII
602 4339 627 4390 p.
646 4322 705 4377 608.
