3152 4832
792 273 831 335 10

211 481 422 563 Philippidem,
438 469 689 559 Mneserohidem,
707 481 885 560 Didtimum‚
898 484 980 559 alios,
996 483 1110 547 iudioes
1125 489 1161 546 ut
1176 482 1304 546 ididiam
1316 483 1415 545 absol-

210 594 284 650 vant
305 590 442 652 oraturos
465 607 530 652 esse
554 592 704 663 narratur,
728 592 759 653 et
780 590 797 672 ἓ
817 590 989 652 213-218
1012 589 1094 653 idem
1115 588 1331 671 praesumitur,
1354 588 1414 651 11131

210 692 290 775 qnod
313 692 361 758 hio
383 695 496 758 multos
526 694 662 760 homines
694 695 816 772 divites,
848 714 977 777 quorum
1005 695 1109 758 nullus
1140 695 1330 771 nominatur,
1359 713 1413 776 pro

209 797 304 862 Midea
326 802 464 886 oraturos
495 819 560 866 esse
590 801 789 865 contenditur.
836 799 1031 882 Quamquam
1059 800 1153 881 igitur
1180 800 1255 863 illud
1284 803 1413 881 utroque

209 906 275 968 loco
297 904 354 968 alio
377 905 466 969 modo
489 906 646 983 refellitur,
669 910 773 971 tamen
795 908 826 971 in
850 925 884 972 eo
908 906 1121 971 offendendum
1143 908 1191 970 est
1212 904 1293 987 quod
1314 906 1412 988 §213

209 1010 253 1074 ita
280 1011 386 1093 ineipit
416 1013 505 1092 quasi
533 1012 570 1076 de
593 1031 682 1076 aare
710 1012 861 1076 nihildum
891 1012 1007 1076 diotum
1035 1013 1076 1076 311
1099 1000 1265 1094 (πλούσιοι
1294 1005 1414 1073 πολλοὶ

210 1106 440 1202 συνεστηκότες,
464 1101 491 1179 31
505 1103 802 1204 ἔνδρεςᾍθηναῖοι,
825 1106 911 1198 ὑμῶν
926 1111 1065 1202 παρίασι
1081 1106 1275 1202 δεησόμενοι·
1293 1105 1415 1179 moderor

208 1216 319 1308 μηδενί
345 1243 386 1303 pe
404 1271 411 1285 .
429 1270 436 1285 .
455 1271 488 1285 ..
518 1219 669 1309 προῆσθε
690 1222 833 1307 1331),
863 1243 963 1306 neque
993 1223 1074 1288 oredi
1103 1224 1202 1306 potest
1224 1223 1256 1285 in
1278 1222 1414 1287 oratione

209 1327 368 1408 diligenter
390 1329 545 1392 elaborata
567 1329 640 1393 talia
662 1329 763 1393 looum
786 1329 904 1394 habere.

297 1433 355 1498 His
376 1435 472 1514 igitur
494 1435 687 1517 potissimum
716 1435 753 1500 de
776 1436 886 1517 quibus
909 1435 1040 1499 diximus
1062 1434 1164 1499 nausis
1186 1434 1330 1498 commoti
1357 1434 1414 1497 viri

209 1539 290 1603 dooti
312 1540 392 1604 hano
414 1540 581 1604 orationem
597 1541 775 1623 perpolitam
792 1544 883 1623 atque
905 1541 1070 1623 perfectam
1093 1558 1158 1604 esse
1174 1559 1192 1603 a
1207 1540 1413 1605 Demosthene

210 1648 399 1726 negaverunt
421 1649 559 1710 veterum
579 1647 749 1728 aliquorum
765 1648 1036 1727 grammaticorum
1053 1646 1275 1728 adstipulantes
1290 1646 1412 1721 iudioio,

208 1751 245 1815 de
268 1751 379 1832 quibus
402 1753 484 1835 apud
506 1753 648 1818 Photium
678 1753 709 1816 in
736 1754 807 1817 bibl.
832 1753 897 1817 eod.
921 1754 983 1816 265
1006 1773 1035 1835 p.
1058 1753 1119 1815 491
1145 1752 1164 1816 b
1198 1752 1241 1815 313
1263 1752 1411 1816 traditur:

209 1846 261 1920 διὸ
284 1852 340 1920 καί
361 1879 444 1934 τινες
467 1852 590 1945 ἔφησαν
613 1848 759 1943 ἑκάτερον
780 1848 874 1942 λόγον
902 1859 932 1941 (i.
956 1877 981 1922 e.
1004 1848 1059 1920 τὸν
1080 1846 1163 1920 κατὰ
1193 1851 1334 1920 Μειδίου
1356 1852 1414 1920 καὶ

208 1952 263 2025 τὸν
278 1949 348 2026 κατ’
365 1958 536 2047 Αἰσχίνου)
560 1960 592 2026 ἐν
606 1954 724 2040 alnou
738 1959 1004 2051 καταλειφθῆναι,
1028 1949 1111 2026 dttd
1125 1953 1169 2048 μὴ
1185 1952 1268 2045 πρὸς
1284 1957 1414 2027 ἔκδοσιν

209 2060 484 2155 διακεκαθάρθαι.
536 2070 575 2134 nt
604 2072 683 2134 oerte
714 2070 795 2134 hano
822 2070 988 2134 orationem
1012 2070 1135 2150 qualem
1156 2087 1238 2132 nuno
1261 2069 1412 2134 habemus

209 2193 227 2238 a
249 2174 454 2240 Demosthene
477 2176 592 2240 editam
615 2195 681 2240 esee
703 2176 785 2239 nullo
812 2175 901 2239 modo
921 2179 994 2257 puto
1016 2175 1155 2240 oontendi
1178 2194 1280 2257 posse,
1304 2194 1413 2256 quam-

209 2299 311 2362 quam,
334 2284 483 2364 utsupra
504 2282 645 2358 vidimus
670 2300 731 2345 non
752 2283 856 2346 omnia
877 2284 956 2346 reete
972 2282 1142 2363 vituperata
1158 2284 1274 2346 suntet
1288 2282 1321 2344 in
1336 2301 1414 2345 non-

207 2387 297 2451 nullis
320 2389 411 2452 rebus
433 2407 494 2452 non
516 2390 675 2470 tantopere
694 2388 882 2452 haerendum
905 2390 952 2452 est
975 2405 1068 2469 quam
1089 2387 1146 2450 viri
1169 2387 1249 2451 doeti
1271 2387 1409 2452 arbitrat'

208 2495 288 2558 sunt.
333 2493 461 2558 Plurimi
483 2494 577 2575 igitur
599 2512 704 2558 eorum
737 2495 790 2576 qui
812 2494 849 2558 de
865 2493 955 2557 huius
971 2493 1113 2558 orationis
1129 2493 1304 2557 eondioione
1320 2512 1414 2575 quae·

208 2599 342 2663 siverunt
377 2619 446 2664 eam
482 2619 500 2664 a
528 2599 733 2664 Demosthene
768 2599 801 2663 in
834 2600 914 2682 tppis
949 2598 1088 2663 relietum
1119 2618 1185 2663 esse
1217 2602 1411 2664 oensuerunt.

207 2704 378 2769 Novissimo
401 2709 506 2770 autern
529 2708 663 2787 tempore
685 2705 744 2769 duo
761 2705 943 2770 exstiterunt
958 2704 1014 2768 viri
1029 2705 1081 2787 qui
1096 2706 1208 2787 partim
1225 2705 1285 2769 11113
1299 2705 1412 2787 partim

207 2811 275 2875 aliis
309 2812 410 2876 nausis
444 2812 568 2875 adducti
596 2831 665 2876 eam
696 2813 818 2894 qualem
851 2830 933 2875 nuno
961 2812 1129 2876 habeamus
1159 2829 1178 2874 3
1206 2811 1413 2876 Demosthene

207 2917 406 3000 oompositam
438 2937 505 2983 esse
535 2919 692 2998 negarent.
744 2918 882 2997 Quorum
905 2918 991 2993 alter,
1013 2915 1311 3000 Waehendorfius,1)
1335 2917 1412 2982 duas

207 3023 356 3088 orationes
369 3025 609 3088 Demosthenem
624 3023 789 3088 oonleoisse
804 3025 900 3100 natue,
923 3024 1051 3087 alteram
1073 3023 1241 3088 breviorem
1264 3025 1295 3088 et
1309 3023 1413 3088 minus

207 3129 366 3210 diligenter
388 3131 584 3205 elaboratam,
608 3148 669 3210 qua
691 3128 774 3211 apud
796 3130 943 3211 populum
964 3129 995 3192 in
1010 3129 1151 3211 probolae
1173 3129 1291 3194 actione
1312 3131 1413 3194 utere-

206 3238 265 3310 tur,
289 3236 426 3311 alteram,
450 3235 476 3300 si
498 3255 559 3299 non
581 3235 723 3300 omnibus
745 3235 881 3299 numeris
905 3235 1093 3310 absolutam,
1125 3236 1158 3298 at
1178 3234 1223 3298 113
1245 3234 1413 3316 perfectam

207 3344 242 3405 ut
270 3343 428 3424 perpauois
458 3342 569 3406 additis
598 3342 764 3406 mutatisve
796 3341 877 3422 apud
913 3341 1027 3406 iudioes
1064 3341 1176 3405 hebere
1204 3357 1274 3404 33111
1301 3344 1413 3423 posset,

207 3467 279 3512 eum
301 3449 355 3530 qui
376 3451 445 3530 post
472 3448 597 3512 oratoris
628 3451 758 3513 mortem
787 3447 954 3512 orationem
984 3446 1111 3510 ediderit
1139 3464 1175 3509 31
1205 3446 1324 3510 duabus
1351 3447 1412 3512 illis

207 3555 287 3617 hano
307 3573 402 3618 unam
425 3554 532 3619 lenisse
557 3554 711 3619 existimat
741 3571 819 3635 quae
847 3572 930 3617 nuno
960 3552 1114 3617 Midianae
1137 3553 1260 3616 nomine
1283 3552 1414 3616 3113313-

187 3711 188 3714 3
208 3660 329 3726 feratur.
367 3661 462 3737 Alter,
478 3661 579 3737 Delus,
591 3662 615 3743 ⁹)
631 3660 869 3725 Demosthenem
885 3658 934 3723 hio
949 3659 1011 3723 illio
1032 3660 1183 3741 quaedam
1198 3659 1411 3741 oonsonpsisse

208 3768 311 3829 oenset
333 3785 410 3848 quae
433 3767 460 3831 31
482 3767 644 3848 aliquando
666 3766 699 3829 in
728 3785 765 3830 ea
785 3765 917 3829 oratione
945 3784 981 3830 ex
1009 3784 1068 3829 usu
1090 3765 1200 3829 essent.
1247 3762 1331 3843 Quas
1354 3766 1413 3829 soi-

207 3871 295 3936 dulas
318 3873 442 3937 avidum
464 3873 598 3954 aliquem
619 3872 780 3936 librarium
808 3871 975 3954 repperisse
1006 3873 1037 3935 et
1063 3870 1095 3934 in
1125 3888 1220 3934 unam
1242 3871 1410 3936 orationem

296 4155 315 4222 ¹)
334 4121 496 4223 Progranrm
510 4154 555 4206 dee
578 4152 674 4222 khnigl.
695 4153 790 4221 Gymn.
815 4167 849 4203 zu
871 4149 956 4204 Neuls
980 4151 1023 4202 fiir·
1046 4150 1093 4202 das
1117 4150 1258 4220 Sohuljahr
1281 4151 1350 4206 1878
1368 4152 1409 4206 his

208 4241 276 4296 1879
297 4259 321 4310 p.
340 4241 365 4296 8.

295 4330 487 4399 Dhlpd
