3142 4834
729 225 766 286 51

144 455 247 500 severe
268 437 447 518 punitorum
470 436 646 501 afferuntur.
692 435 752 502 Sed
782 455 854 500 oum
883 436 940 499 hoo
970 437 1034 499 loeo
1066 434 1096 498 id
1119 453 1217 497 unum
1247 453 1351 516 propo·

143 545 238 606 natur
261 542 409 623 quomodo
439 561 474 607 ea
504 563 582 625 quae
603 543 715 607 Midias
742 543 776 605 in
798 542 1036 606 Demosthenem
1063 541 1227 604 insolenter
1247 558 1352 622 perpe-

142 648 270 712 traverit
291 648 446 730 punienda
469 649 540 726 sint,
564 649 658 713 etiam
688 649 725 714 de
747 669 783 714 ea
805 667 901 731 poena
931 666 1025 729 quam
1053 646 1237 710 oontumeha
1259 647 1352 709 Athe·
1439 731 1442 736 Ι

142 755 298 818 niensium
322 757 353 818 et
374 755 533 837 impietate
554 756 585 818 in
608 755 701 820 deum
731 755 876 820 meruerit
898 757 1048 818 oratorem
1071 753 1224 816 dioturum
1245 751 1351 828 fuisse,

142 863 179 924 ut
202 879 293 943 supra
316 859 458 937 diximus
482 864 601 925 eertum
624 864 679 926 est.
717 860 804 940 Quod
828 861 865 925 de
888 879 984 942 poena
999 862 1099 942 eaput,
1121 862 1158 922 ut
1179 859 1243 922 iam
1259 877 1350 941 supra

143 967 185 1049 (p.
210 967 263 1050 30)
287 967 475 1043 monuimus,
508 955 628 1054 ἀβρειυς
650 971 681 1033 et
702 954 851 1049 ἀσεβείας
877 966 1112 1041 confirmationi,
1142 964 1221 1028 unde
1250 967 1350 1028 totum

141 1072 263 1155 pendet,
295 1073 526 1153 adiungendum
556 1077 629 1138 erat.
687 1072 771 1152 Quae
798 1073 975 1156 interposita
1006 1075 1078 1135 sunt
1109 1071 1228 1135 duabus
1257 1071 1350 1134 huius

143 1179 251 1260 eapitis
274 1179 441 1260 particulis,
467 1179 484 1262 ξ
509 1181 647 1256 51-69,
675 1166 825 1262 ἀσεβείας
853 1179 1143 1243 demonstrationem
1169 1179 1350 1258 argumenta

146 1285 302 1368 (51-57)
327 1287 359 1349 et
373 1287 509 1368 exempla
527 1284 682 1370 (58—69)
706 1286 958 1368 eompleotentem
980 1285 1145 1359 eontineut
1168 1302 1255 1364 quae,
1278 1302 1351 1348 oum

141 1393 208 1454 tota
240 1409 276 1454 ex
304 1390 415 1454 iniuria
450 1391 649 1456 Demostheni
679 1392 801 1472 ohoregi
834 1410 960 1455 munere
993 1389 1131 1471 fungenti
1162 1390 1251 1454 illata
1283 1408 1350 1472 pro·

140 1497 297 1560 fioisoatur
319 1515 417 1578 neque
440 1498 533 1561 simul
553 1497 593 1561 ad
615 1498 815 1563 Athenienses
839 1497 947 1561 eadem
969 1515 1001 1560 re
1023 1496 1206 1561 contumelia
1226 1495 1349 1560 affeotos

140 1603 294 1685 respiciat,
324 1621 396 1666 oum
419 1603 596 1668 insolentiae
625 1603 659 1667 in
680 1603 920 1668 Demosthenem
949 1603 1100 1666 exhibitae
1123 1600 1349 1666 confirmatione

144 1708 330 1774 conectenda
353 1711 427 1772 erat.
467 1711 634 1774 Seouturus
657 1712 723 1774 erat
745 1710 829 1773 loous
852 1709 889 1772 de
905 1708 1091 1772 contumelia
1106 1706 1348 1772 Atheniensium.

140 1815 223 1880 Huie
247 1815 459 1896 subiungenda
482 1818 571 1880 orant
593 1833 671 1897 quae
694 1815 710 1898 ξ
736 1816 885 1879 77-125
909 1817 1088 1896 sequuntur,
1115 1813 1168 1877 uhi
1189 1813 1226 1878 de
1248 1812 1350 1876 inimi-

142 1921 288 1985 oitiarum
310 1921 391 1984 inter
412 1921 651 1986 Demosthenem
674 1925 705 1986 et
726 1920 855 1985 Midiam
878 1920 991 2001 origine
1014 1919 1097 1984 etde
1113 1919 1261 2003 prioribus
1284 1920 1348 1984 eius

138 2027 171 2090 in
200 2030 353 2091 oratorem
383 2028 502 2092 iniuriis
532 2029 697 2110 exponitur.
752 2029 797 2091 Ao
825 2026 924 2109 primo
954 2026 1079 2108 quidem
1114 2027 1223 2090 obtutu
1254 2025 1349 2090 videri

141 2136 272 2216 possunt
294 2134 370 2198 haee
386 2134 520 2215 reliquae
542 2134 655 2198 Midiae
671 2135 751 2197 uitae
774 2132 935 2197 tribuenda
958 2151 1032 2198 esse.
1070 2131 1129 2197 Sed
1152 2131 1234 2196 aliud
1249 2135 1349 2196 orator

141 2239 282 2321 sequitur
304 2239 484 2315 oonsihum;
508 2240 557 2304 hio
579 2241 660 2304 enim
676 2241 824 2323 explioare
838 2240 905 2303 vult
920 2258 1014 2321 quam
1035 2239 1180 2320 originem
1196 2257 1348 2320 quemque

138 2365 337 2430 progressum
359 2345 473 2410 Midiae
494 2346 526 2409 in
541 2346 780 2411 Demosthenem
803 2345 907 2408 odium
922 2345 1064 2409 habuerit
1088 2343 1136 2426 (of.
1155 2344 1171 2427 ξ
1190 2347 1229 2409 77
1254 2334 1346 2426 οἶμαι

138 2446 246 2514 τοίνυν
266 2441 357 2527 τινάς
378 2439 473 2532 ὑμῶν,
498 2435 650 2537 ιάἀνδρες
664 2445 825 2529 δικασταί,
843 2453 965 2514 ποθεῖν
980 2437 1116 2514 οἶκοί-σαι
1137 2441 1193 2537 τήν
1216 2444 1344 2536 ἔχθραν,
1404 2503 1406 2510 ,

136 2545 208 2646 ήτις
230 2541 267 2643 ήν
287 2545 363 2642 ήμῖν
384 2548 468 2642 πρὸς
489 2544 664 2644 ἀλλήλους),
686 2558 821 2639 rehquae
845 2559 949 2622 autem
972 2557 1054 2621 illius
1070 2558 1148 2622 vitae
1172 2558 1347 2640 desoriptio-

136 2684 210 2728 nem
232 2663 264 2726 in
281 2664 443 2728 soeleribus
466 2664 497 2727 in
520 2664 597 2729 alios
613 2664 691 2728 cives
708 2667 739 2728 et
754 2663 825 2728 deos
841 2664 1011 2728 oommissis
1028 2665 1142 2728 versari
1157 2663 1346 2744 intellegitur

138 2770 207 2852 ex§
227 2771 266 2833 19
285 2763 347 2848 ipo
369 2765 406 2832 da*
428 2766 531 2854 λέγειν
552 2767 608 2832 καὶ
631 2764 786 2855 ίτονήρίας
809 2763 918 2854 ἑτέρας
940 2768 1158 2855 παμπληθεῖς
1172 2755 1267 2833 αὐτοῦ
1289 2767 1345 2833 καὶ

137 2862 247 2961 ἀβρεις
268 2869 315 2951 εἰς
337 2866 478 2952 πολλοὺς
498 2865 585 2956 ὑμῶν
602 2873 659 2939 καὶ
681 2865 869 2962 τολμήματα
891 2872 947 2940 τοῦ
967 2873 1084 2960 μιαροῦ
1104 2864 1217 2940 τοίιιου
1238 2867 1345 2939 πολλὰ

135 2979 194 3044 καὶ
222 2971 360 3060 δεινά,
345 3003 387 3068 aq)
421 2969 470 3058 οἷς
491 2977 554 3044 τῶν
575 2971 845 3064 πεττονθὸτιυνκ.
869 3003 897 3044 τ.
921 2980 948 3044 λ.
980 2984 1010 3046 et
1031 2983 1048 3064 ᾖ
1073 2983 1135 3044 128
1160 3002 1203 3106 sq.
1234 2976 1262 3044 εἰ
1283 2979 1344 3102 μὲν

136 3081 292 3151 τοίνυν..
311 3085 488 3174 ..μηδένα
514 3109 578 3150 τιον
604 3073 708 3150 ἀλλων
735 3084 879 3151 πολιτῶν
903 3073 1120 3212 ήδιαηκιυς
1094 3109 1140 3164 εις
1171 3083 1228 3168 ἐμὲ
1249 3077 1346 3209 μόνον

137 3181 275 3280 ἀσελγής
314 3216 394 3256 ουτιυ
431 3191 486 3256 καὶ
503 3189 673 3314 βίριιος
658 3183 808 3318 εγεγόνει,
843 3191 1003 3279 πρῶτον
1000 3216 1058 3260 arao
1087 3180 1178 3278 έγιυγ
1187 3181 1345 3312 ἆτίγιγμα

136 3285 177 3363 ἀν
206 3295 343 3380 έμαυτου
371 3295 465 3362 τοῦτο
494 3289 640 3425 ἡγοίμην,
673 3287 776 3366 έττειτ
807 3290 988 3424 έιγυβοίιμήν
1021 3285 1060 3362 ἀν
1087 3290 1131 3386 μή
1162 3291 1217 3364 τὸν
1250 3287 1345 3364 ἀλλον

142 3399 255 3468 ἑαυτοῦ
277 3399 350 3487 βίον
373 3427 464 3481 ουτος
478 3403 607 3531 μέτριογ
629 3396 778 3476 δεικνύων
792 3428 848 3470 και
840 3396 1101 3494 φιλάνθρωπον
1118 3396 1345 3530 ὁιααροῦσήται

136 3501 241 3595 τούτῳ
263 3501 301 3575 τὸ
323 3503 459 3597 δίκην
438 3535 481 3574 ιον
501 3508 558 3593 εμὲ
580 3500 688 3597 υβριιιε
709 3509 827 3576 δουναι.
857 3535 921 3575 νυνι
913 3508 981 3574 dd
1001 3499 1128 3576 τοσαυτ)
1153 3507 1222 3575 ἐστὶ
1244 3499 1344 3576 τάλλα

138 3643 160 3681 α
142 3601 324 3694 “nataeve
346 3640 434 3698 υμοιν
454 3604 585 3704 ήδίιιήιιε
607 3617 663 3681 καὶ
691 3641 823 3682 τοιαυτα
846 3607 928 3682 ὥστε
948 3608 1060 3682 τοίτου
1087 3614 1147 3699 μὲν
1167 3615 1224 3682 τοῦ
1253 3615 1344 3695 δέους

136 3711 358 3810 ἀπήλλαγμαι,
391 3720 554 3808 φοβοῦμαι
584 3720 621 3787 δὲ
651 3714 752 3787 πάλιν
784 3711 964 3788 τοῦναντίυν
990 3713 1043 3810 μή,
1075 3714 1208 3788 ἐπειδὰν
1236 3715 1343 3788 πολλὰ

136 3824 195 3892 καί
217 3820 303 3892 δεινὰ
335 3824 461 3914 ἑτέρους
487 3815 623 3915 ἀκούηθ’
653 3817 710 3893 ἀπ’
742 3818 837 3894 αὐτοῦ
865 3821 1093 3910 πεπονθότας,Ι
1119 3820 1265 3907 τοιοῦτός
1293 3854 1344 3908 τις

135 3923 211 4016 ὑμῖν
241 3925 394 4020 λογισμὸς
424 3930 551 4021 ἐμπέσῃ
580 3925 636 4000 “od
665 3919 719 3999 οἶν
748 3926 787 3999 σὺ
820 3926 993 4020 δεινότερον
1021 3923 1041 4023 ἢ
1073 3933 1137 4000 τῶν
1165 3923 1268 4000 ἀλλων
1296 3925 1344 4014 εἷς

138 4039 276 4117 ἕκαστος
297 4031 481 4117 ιτειτονθάις
508 4028 697 4125 ἀγανακτεῖς
705 4029 734 4120 ,·”
759 4091 843 4104 ....
868 4029 1092 4127 ἀναγνώσομαι
1113 4038 1173 4123 μὲν
1194 4032 1276 4124 ὑμῖν,
1300 4032 1344 4120 ὡς

137 4143 265 4232 ἐμαυτῷ
292 4143 483 4234 γέγραμμαι,
513 4137 620 4210 ττάντα
648 4137 688 4211 τὰ
709 4137 931 4236 ὑπομνήματα,
956 4197 963 4210 .
989 4196 996 4209 .
1022 4197 1028 4210 .
1053 4197 1060 4210 .
1085 4143 1154 4211 ἔστι
1181 4145 1218 4212 δὲ
1243 4144 1344 4212 ταῦτα

458 4241 474 4266 0
1316 4245 1324 4270 t

1140 4376 1185 4440 4*
