3142 4834
812 252 853 314 56

403 458 435 541 b)
461 458 584 522 simul
618 461 884 526 Athenienses
919 462 1072 527 nefaria
1109 465 1355 528 contumelia
1384 465 1440 528 af-

415 551 417 554 ’
490 565 615 630 sectos
638 586 738 644 9999,
763 587 840 650 quae
863 587 932 650 pars
955 571 1020 633 9999
1043 569 1240 646 desideratur,

253 729 255 734 .
328 671 370 753 2)
393 671 564 753 priorum
598 676 634 736 et
666 675 926 756 posteriorum
956 675 1100 740 Midiae
1138 676 1176 739 in
1205 677 1441 740 Demosthe-

437 797 523 842 nem
545 779 854 844 inimicitiarum
885 785 923 844 et
951 781 1197 845 iniuriarum
1231 782 1440 846 enarratio

438 884 467 966 (§
493 886 655 969 77-125)
687 888 829 951 conclusa
858 887 941 950 brevi
969 888 1106 950 omnium
1141 887 1323 951 iniuriarum
1360 906 1440 969 quae

437 990 550 1054 Midiae
576 993 740 1056 sceleribus
762 993 796 1056 in
811 993 1051 1058 Demosthenem
1075 995 1223 1076 susceptis
1247 994 1461 1058 continentur·

438 1086 706 1179 comprehensione
729 1098 760 1180 (ξ
784 1100 978 1182 126-127),

340 1203 372 1285 8)
396 1202 439 1265 de
469 1223 594 1285 poena
622 1205 780 1287 exponitur
813 1224 908 1286 quam
935 1224 1006 1269 reus
1029 1206 1214 1270 contumelia
1235 1206 1441 1270 Demostheni

439 1309 467 1391 (ᾖ
491 1311 653 1388 42-59,
679 1311 833 1394 79-76)
865 1314 895 1375 99
925 1313 1161 1376 Atheniensibus
1185 1311 1213 1394 (ᾖ
1240 1313 1440 1396 182-183)

440 1415 528 1478 111999
551 1419 582 1479 99
604 1416 747 1496 religione
777 1417 889 1480 violata
913 1418 941 1499 (ᾗ
967 1419 1151 1502 175-181)
1175 1418 1330 1494 meruerit,
1354 1419 1444 1481 cuius

436 1521 530 1602 partis
553 1521 663 1584 desunt
686 1526 868 1601 argumenta
891 1526 922 1587 et
944 1523 1024 1605 prior
1038 1543 1109 1605 pars
1125 1525 1333 1605 exemplorum
1358 1543 1439 1605 quae

436 1626 475 1691 ad
498 1628 623 1691 alterius
646 1629 767 1694 sceleris
788 1647 918 1711 poenam
942 1632 1080 1712 spectent
1103 1633 1133 1694 et
1149 1632 1331 1709 argumenta
1356 1649 1437 1712 quae

437 1733 476 1796 ad
514 1735 597 1798 tertii
633 1734 869 1799 vindicationem
905 1737 1079 1817 pertineant
1116 1738 1146 1800 99
1179 1734 1308 1798 fortasse
1343 1737 1441 1799 etiam

436 1839 553 1920 aliquot
576 1841 713 1922 exempla
733 1841 824 1923 primi
847 1841 982 1905 criminis
1005 1843 1113 1923 puniti,

488 1949 557 2009 tum
579 1950 647 2028 post
668 1949 792 2011 brevem
814 1949 1026 2012 transitionem
1050 1949 1079 2030 (g
1103 1949 1157 2031 28)
1182 1947 1321 2029 sequitur

337 2054 371 2136 4)
394 2053 563 2134 praemissa
586 2055 896 2135 anteoccnpatic
921 2054 950 2136 (ξ
975 2051 1259 2137 24-41),9919(19

196 2195 198 2200 -
299 2221 300 2226 ,
337 2160 369 2241 5)
393 2159 570 2240 reliquae
606 2159 756 2224 Midiae
790 2160 894 2224 vitae
931 2161 1137 2224 enarratio
1167 2160 1196 2242 (ξ
1228 2159 1443 2243 128-149),

255 2249 257 2252 ’
437 2284 515 2346 quae
537 2265 826 2330 brevi.refntationo
849 2285 955 2330 eorum
978 2285 1056 2348 quae
1079 2269 1185 2330 contra
1209 2283 1278 2328 eam
1294 2264 1356 2328 dici
1373 2279 1472 2348 pos-⁹

437 2372 498 2435 sint
521 2371 712 2435 concluditur
735 2371 764 2454 (ξ
790 2372 985 2456 141-142),

248 2476 493 2541 Vrefutatio

332 2585 362 2669 1)
387 2584 545 2659 Midiae,
568 2585 612 2647 ita
634 2584 772 2647 ordinata
794 2587 830 2646 ut

404 2689 1125 2858 lpnmacausa§119501—179‚143--159,
1151 2688 1334 2764 171-174,

399 2799 475 2880 ha)
475 2797 680 2878 lelarage

404 2904 433 2986 c)
457 2903 587 2984 ter1a§
614 2797 800 2977 1-91-1192,

402 3010 433 3094 d)
460 3013 570 3090 quarta
592 3009 609 3091 ξ
635 3009 740 3071 198-
743 3008 817 3083 294,

401 3116 429 3198 9)
458 3116 611 3179 lamenta
578 3115 639 3178 atio
670 3117 762 3196 atque
786 3113 955 3196 deprecatio
986 3113 1003 3194 ξ
1028 3114 1200 3176 186188
1224 3114 1445 3194 redarguatur,

331 3225 364 3307 2)
388 3225 664 3304 patronorum,
686 3221 730 3283 ita
753 3220 899 3302 disposita
921 3223 957 3282 ut

404 3330 434 3411 9)
458 3329 598 3392 Eubulus
621 3328 638 3409 g
662 3327 846 3401 295-297,

401 3436 438 3518 b)
465 3435 573 3516 reliqui
597 3433 670 3496 divit
658 3436 704 3496 999
726 3433 770 3497 991
793 3432 883 3496 amici
906 3432 922 3514 ἓ
946 3432 1118 3494 208-225
1142 3431 1364 3512 impugnentur

542 3541 574 3624 α)
542 3540 716 3603 oratione
739 3539 862 3619 aequita
844 3539 902 3602 atis
927 3538 944 3619 ξ
969 3538 1074 3600 298-
1078 3539 1151 3612 212,

539 3649 574 3729 β)
597 3646 713 3710 ratione
737 3645 925 3709 constantiae
948 3645 965 3726 ξ
989 3644 1171 3719 ala—225,

246 3755 290 3818 Vl
313 3753 509 3836 peroratio
532 3753 549 3834 ξ
576 3753 757 3827 184-185,
781 3753 845 3815 226
869 3755 900 3815 99
922 3752 994 3814 227.
