3142 4834
692 187 733 251 47

59 451 60 454 η
129 403 159 467 H.
178 402 285 466 Wolfio
306 403 407 466 risum
430 400 479 474 sit,
500 402 532 464 et
554 398 710 464 sententiis
738 401 769 464 et
789 400 889 464 verbis
917 399 1045 483 abrupte
1067 417 1086 463 3
1107 397 1220 464 Midiae
1242 417 1313 464 oon·

126 509 243 572 tionibus
281 526 402 571 summo
431 505 573 587 supplicio
603 505 702 586 dignis
730 505 759 588 (8
783 505 982 590 202-204)
1011 505 1050 570 ad
1078 505 1143 570 eius
1171 508 1313 589 patronos

127 615 336 695 advocatosque
364 613 494 676 transiri.
546 609 631 690 Quae
659 611 762 675 omnia
790 611 906 686 sanari,
938 611 962 675 si
989 610 1007 692 8
1033 611 1216 675 175-183
1246 615 1314 694 post

127 720 215 799 §204
236 719 428 784 collocentur.
475 717 536 782 Sed
557 718 633 781 haec
662 716 738 780 mihi
760 735 820 781 non
843 718 882 782 ab
911 717 995 780 omni
1022 719 1107 801 parte
1138 717 1313 800 probantur.

126 826 156 888 ld
176 843 241 890 sane
262 824 425 888 Nitschius
447 826 529 887 recte
552 822 726 906 disputavit,
748 823 834 888 illam
857 823 1039 906 particulam
1061 841 1095 887 eo
1112 841 1170 904 qno
1193 824 1313 904 legatur

127 932 181 995 loeo
201 935 281 996 entra
313 929 536 994 sententiarum
559 929 783 992 cohaerentiam
812 947 878 992 esse
907 928 1047 1010 positam.
1098 927 1179 993 Nam
1201 927 1312 993 iudea

125 1036 140 1118 ξ
161 1037 333 1112 143-225,
367 1036 395 1098 si
418 1053 496 1116 quae
518 1034 535 1116 ξ
560 1035 730 1098 175-185
751 1036 945 1098 continentur
975 1035 1133 1118 exceperis,
1163 1053 1199 1100 ε3
1228 1053 1313 1116 prae-

127 1146 272 1206 sumuntur
295 1159 375 1224 quae
398 1144 454 1204 aut
482 1139 592 1205 Midias
621 1141 686 1223 ipso
713 1143 767 1204 ant
799 1141 863 1205 eius
895 1140 986 1204 amioi
1015 1144 1050 1204 ut
1078 1141 1253 1205 absolvatur
1280 1141 1312 1204 in

124 1247 218 1313 indicio
240 1248 353 1312 dicturi
375 1247 424 1311 vel
445 1245 556 1310 facturi
579 1246 649 1310 sint.
703 1244 858 1326 Quomodo
888 1245 982 1328 igitur
1009 1247 1062 1310 illa
1084 1247 1220 1329 exempla
1242 1249 1311 1329 apte

121 1354 150 1417 in
168 1355 264 1418 media
285 1355 343 1418 bae
366 1352 549 1417 rebitatione
571 1351 710 1416 collocari
732 1353 886 1434 possunt?
929 1351 1045 1417 Eadem
1068 1371 1100 1417 re
1123 1351 1253 1416 efficitur
1274 1371 1312 1417 ne

122 1479 152 1524 eo
175 1459 292 1541 quidem
314 1479 371 1541 quo
394 1458 553 1523 Nitsohius
576 1457 642 1521 vult
670 1458 735 1522 loco
758 1476 793 1521 ea
824 1457 980 1522 commode
1008 1458 1107 1540 posita
1129 1477 1210 1534 esse,
1240 1477 1313 1540 quo-
1403 1521 1407 1530 ,

125 1565 206 1627 niam
225 1565 358 1630 renotatio
379 1564 494 1628 Midiae
516 1567 547 1628 et
562 1563 731 1628 amicorum
752 1563 796 1626 ita
819 1564 918 1628 aliena
939 1564 1127 1628 enarratione
1148 1565 1313 1629 interrum-

127 1673 247 1751 peretur.
288 1670 390 1752 Neque
423 1669 574 1752 qoomodo
601 1670 710 1733 melius
739 1668 777 1732 ab
801 1668 944 1752 exemplis
972 1669 1031 1734 illis
1060 1669 1099 1734 ad
1121 1669 1233 1735 Midiae
1259 1689 1314 1753 pa-

129 1779 221 1840 bonos
244 1776 271 1859 (ξ
292 1777 366 1859 205)
396 1778 573 1840 transeatur
604 1775 799 1858 perspicuum
823 1778 886 1850 ost,
915 1776 1055 1856 quamvis
1084 1776 1189 1840 multis
1213 1777 1311 1842 verbis

129 1881 273 1946 Nitsohins
294 1883 325 1947 id
348 1901 495 1964 exponere
519 1881 648 1946 studeat.
687 1879 768 1944 Nam
790 1881 882 1945 verba
904 1899 923 1945 a
945 1881 1055 1962 quibus
1070 1882 1177 1964 incipit
1199 1881 1311 1964 §205:

122 1982 173 2049 καί
194 1985 367 2073 βαρθοῖσιν
388 1980 416 2050 οἱ
432 1985 577 2071 λέγοντες
597 1975 680 2070 ὑπὲρ
702 1973 799 2048 αὐτοῦ
821 1973 875 2065 οἰχ
890 1973 971 2050 εἷται
993 1978 1094 2072 roingo
1112 1983 1312 2072 χαρίσασθαι

124 2082 167 2172 μὰ
187 2081 257 2167 τοὺς
277 2083 369 2169 θεοὺς
389 2083 575 2176 βουλόμενοι
591 2081 635 2168 ὡς
650 2082 835 2178 ἐπηρεάζειν
850 2088 922 2173 ἐμοὶ
945 2082 1000 2155 διὰ
1015 2083 1070 2178 τὴν
1090 2087 1178 2157 ἰδίαν
1194 2089 1313 2180 diorigas

126 2218 153 2259 κ.
165 2218 190 2260 τ.
201 2195 229 2261 λ.
245 2201 279 2262 nt
298 2218 333 2263 ea
347 2199 565 2282 praecesserint
578 2200 735 2281 postulant
750 2198 861 2280 quibus
877 2199 914 2263 de
929 2199 1024 2282 ipsius
1040 2200 1151 2264 Midiae
1167 2219 1185 2264 a
1200 2201 1310 2282 quibus

122 2303 169 2366 hio
190 2323 220 2368 se
242 2305 380 2388 defendat
394 2305 580 2380 criminibus,
603 2304 715 2368 nonde
732 2305 861 2368 aliorum
877 2305 1125 2370 condemnatione
1141 2325 1239 2370 sermo
1263 2307 1312 2384 sit,

119 2408 239 2492 deque
273 2412 377 2476 eadem
406 2412 438 2474 in
463 2411 516 2474 illa
544 2411 692 2493 particula
726 2429 819 2492 quam
855 2411 1031 2493 praeoedere
1062 2412 1129 2476 vult
1154 2412 1312 2477 Nitsohius

120 2515 148 2596 (ἓ
172 2517 368 2602 175-183)
390 2535 495 2582 reuera
518 2517 627 2598 agitur.
669 2516 776 2598 Itaque
803 2517 834 2580 in
857 2535 890 2580 co
912 2517 1049 2581 Nitsohio
1076 2537 1136 2581 non
1165 2520 1313 2583 assentior

119 2621 196 2701 quod
216 2623 267 2686 illa
289 2624 422 2706 exempla
443 2625 512 2705 post
534 2621 551 2704 ,8
575 2623 639 2686 204
668 2622 893 2704 transponenda
916 2642 981 2688 esse
1004 2622 1173 2700 existimat,
1204 2644 1312 2706 quarn-

120 2745 212 2807 quem
239 2729 292 2791 ubi
317 2730 510 2794 inveniuntur
544 2747 579 2792 ea
605 2729 706 2811 inepte
746 2728 891 2792 collocata
924 2748 990 2793 esse
1031 2747 1092 2793 non
1126 2731 1310 2811 negaverim.

112 2832 261 2916 Exempla
291 2835 369 2898 enim
395 2854 500 2899 eorum
523 2835 575 2916 qui
596 2838 718 2917 propter
746 2834 937 2916 impietatem
966 2835 997 2898 in
1020 2834 1091 2899 deos
1114 2837 1310 2901 commissam

110 2939 206 3022 puniti
230 2943 318 3004 erant
340 2941 377 3004 ad
398 2959 468 3005 earn
491 2943 611 3022 partem
626 2939 775 3023 pertinere
798 2943 922 3022 apparet
945 2959 1006 3023 qna
1028 2940 1064 3005 de
1087 2961 1183 3024 poena
1198 2943 1310 3008 Midiae

110 3049 226 3127 propter
254 3047 434 3128 religionem
462 3047 607 3109 violatam
636 3046 797 3126 imoganda
827 3046 980 3126 agendum
1010 3050 1084 3112 erat.
1135 3047 1219 3128 Quae
1241 3069 1310 3115 sero

110 3149 128 3232 ἕ
151 3152 209 3215 182
232 3156 262 3217 et
287 3154 350 3216 183
375 3153 520 3217 dicuntur
540 3152 577 3216 ad
601 3152 875 3216 commendandam
897 3172 1021 3234 gravem
1043 3140 1161 3240 ὕβρεως
1181 3175 1310 3238 poenam

109 3256 203 3322 facero
225 3260 418 3341 cognoscitur
440 3277 476 3322 ex
498 3258 515 3340 ἓ
540 3257 601 3321 182
624 3258 724 3322 verbis
858 3256 913 3321 καὶ
935 3257 1089 3345 τέθνιμεν
1110 3249 1205 3338 ἁλοὺς
1228 3248 1306 3347 παρ’

106 3349 192 3444 ὑμῖν·
219 3360 332 3429 καίτοι
359 3361 454 3427 τοῦτο
480 3353 519 3427 τὸ
540 3358 649 3450 λῆμμα
678 3350 721 3426 δι’
746 3357 875 3443 ἔνδειαν,
900 3350 936 3428 οὗ
958 3351 1001 3428 δι’
1024 3353 1113 3451 ὓβριν
1139 3358 1311 3450 λαμβάνειν

103 3464 305 3558 ἐπεχείρησεν
332 3465 453 3546 ἐκεῖνος
475 3473 506 3534 et
527 3469 594 3551 ετξ
613 3470 675 3534 183
699 3455 789 3533 οὐδὲν
811 3459 871 3554 γὰρ
894 3466 977 3556 ῥῆμα
1000 3458 1065 3535 odo'
1089 3457 1190 3556 ἷίνομα
1212 3463 1311 3552 οὕτως

98 3571 168 3641 ε’στί
190 3580 260 3656 ταῖς
288 3573 432 3651 πολλοῖς
453 3564 539 3656 ὑμῶν
565 3565 705 3656 χαλεπὸν
738 3564 783 3652 ὡς
812 3563 873 3639 ὅσα
901 3565 1036 3663 ὑβρίζων
1061 3601 1112 3656 τις
1140 3573 1195 3643 τὸν
1224 3577 1310 3644 ἐντυ-

97 3674 189 3762 χόντα
209 3673 305 3767 ὑμῶν
330 3670 571 3767 διαπράττεται.
588 3671 632 3768 μὴ
646 3676 750 3746 τοίνυν
772 3669 862 3746 adeat
881 3670 961 3748 καθ’
977 3673 1064 3765 ὑμῶν
1079 3672 1181 3750 αἰτῶν
1195 3686 1311 3771 δεῖγμα

96 3789 239 3856 τοιοῦτον
264 3784 450 3875 ἐξενέγκητε
473 3836 556 3851 ....
589 3777 632 3864 ὡς
654 3773 715 3874 ἷίρα
736 3777 836 3870 ὑμεῖς,
859 3775 898 3852 dv
919 3787 978 3871 μὲν
999 3788 1062 3854 τῶν
1082 3788 1218 3877 μετρίων
1238 3783 1309 3857 τινὰ

94 3895 147 3961 καί
169 3889 365 3986 δηματιτῶν
385 3884 501 3980 λάβητε
517 3883 622 3957 denoto
636 3881 816 3974 ἀδικοῦντα,
841 3881 905 3960 οὔτ’
922 3887 1063 3984 ἐλεήσειε
1079 3885 1143 3961 οὔτ’
1158 3885 1307 3986 ἀφήσετε,

93 3991 159 4067 ἀλλ’
183 3993 404 4068 decennovales
425 3987 447 4088 ἢ
468 3988 655 4081 ἀτιμώσετε,
679 3991 784 4065 ἐὰνδὲ
801 3989 1209 4090 πλοίσιοςιῖίντιςῦβρίζῃ,
1233 4023 1308 4089 ocy-

93 4100 219 4198 γνώμην
245 4103 347 4186 ἕξετε.
385 4109 484 4189 Atque
508 4126 579 4171 eum
601 4109 740 4190 exempla
763 4103 923 4186 ἐνδείξεως
950 4110 1093 4191 pecuniae
1121 4111 1235 4174 aerario
1258 4111 1309 4175 de-

92 4218 173 4282 bitae
198 4219 234 4281 et
259 4207 389 4298 γραφῆς
410 4201 605 4297 παρανόμων
634 4213 683 4277 hio
707 4213 736 4296 (ξ
762 4214 822 4276 182
847 4216 878 4277 et
900 4215 974 4297 188)
1003 4217 1127 4280 narrate
1152 4217 1308 4299 publicem
