3142 4834
811 237 853 299 38

661 430 718 462 5³)
1089 433 1268 464 1023(

228 448 326 512 verbis
349 445 404 510 καί
427 437 486 532 γάρ
513 441 542 511 εἰ
556 443 624 529 μέν,
649 471 674 510 ω
697 445 806 532 ανδρες
820 434 999 534 Ἀθηναῖοι,
1023 437 1089 511 τόθ
1123 471 1159 512 οτ
1192 473 1229 535 ην
1251 473 1270 536 η
1286 441 1434 537 προβαλή

228 543 269 616 τά
291 549 504 638 πεπραγμένα
527 542 544 615 ό
566 550 666 639 δῆμος
687 541 827 630 άκο’σας
865 540 1117 641 ’πεχειροτόνησε
1143 551 1291 634 Μειδίου,
1317 543 1373 619 ούκ
1395 544 1435 620 liv

230 649 350 740 ὁμοίιος
370 643 407 746 ήν
429 649 539 723 δεινόν·
564 656 619 722 καὶ
642 650 700 744 χδιρ
728 650 772 746 μή
794 657 984 746 χεχενήσθαι
1006 658 1062 723 καὶ
1082 650 1127 746 μή
1150 658 1225 746 περί
1247 653 1303 748 τήν
1327 653 1435 750 ἑορτήν

228 752 412 852 ἀδικήματα
435 752 522 828 ταῦτ’
546 755 628 828 εἶναι
650 765 706 829 καὶ
728 756 835 828 πολλὰ
858 752 897 829 liv
918 755 984 845 εἶχέ
1005 789 1055 842 τις
1076 755 1170 829 αύτδν
1191 757 1435 854 παραμυθήσα-

230 875 323 947 σθαι,
349 873 444 935 exiis
467 871 596 952 denique
620 891 698 953 quae
720 875 740 952 ξ
763 873 825 935 227
857 871 1038 948 indicantur,
1067 874 1121 936 ubi
1150 874 1281 954 legimus
1304 864 1436 937 πάντων

230 962 283 1041 σύν
306 975 396 1041 ἕνεκα
417 974 481 1040 τῶν
502 971 671 1063 εἰρημένων
693 975 748 1041 καὶ
770 968 912 1058 μάλιστα
933 975 988 1040 τού
1011 975 1090 1041 θεοῦ
1111 968 1202 1063 χάριν
1223 977 1299 1064 περὶ
1323 961 1359 1043 οὗ
1380 970 1437 1067 τήν

230 1074 338 1170 ἑορτήν
358 1070 482 1165 άσεβιόν
505 1063 596 1159 οὗτος
613 1072 718 1169 ’ήλωκε
747 1074 803 1169 τήν
825 1073 916 1146 ὁσίαν
938 1081 992 1146 καὶ
1015 1078 1144 1147 δικαίαν
1166 1083 1300 1166 θέμενοι
1323 1083 1436 1173 ψήφου

228 1180 459 1276 τιμωρήσασθε
487 1186 597 1253 τοῦτον
625 1190 842 1254 dilueidissime
870 1191 983 1254 Blassii
1022 1192 1207 1256 sententiam
1234 1212 1338 1257 veram
1369 1212 1436 1256 esse

230 1299 361 1379 apparet.

317 1403 425 1483 ltaque
447 1401 479 1464 id
495 1401 689 1483 potissimum
712 1401 865 1482 agendum
887 1405 953 1466 erat
975 1403 1085 1466 oratori
1115 1406 1151 1467 ut
1179 1422 1283 1467 revera
1304 1404 1436 1468 Midiam

229 1509 407 1588 religionem
430 1507 556 1572 laesisse
572 1506 750 1571 ostenderet.
794 1507 880 1586 Quod
897 1507 1014 1571 duobus
1030 1509 1127 1572 modis
1148 1509 1290 1590 perfioere
1305 1513 1434 1591 poterat.

229 1615 370 1677 Primum
392 1613 475 1676 enim
498 1613 540 1676 sie
571 1614 867 1692 argumentationem
896 1614 1053 1678 inst'tuere
1075 1617 1193 1696 poterat
1214 1618 1251 1678 ut
1274 1635 1435 1680 summum

229 1721 347 1802 pondus
370 1719 402 1782 in
424 1719 602 1782 insolentiae
632 1719 757 1783 oriurine
787 1720 953 1795 oollooans,
982 1739 1052 1783 oum
1084 1740 1117 1784 eo
1146 1722 1198 1784 illa
1227 1721 1264 1784 de
1290 1723 1436 1803 religione

228 1826 340 1890 uiolata
362 1825 532 1888 criminatio
554 1811 715 1900 niteretur,
738 1824 901 1888 insolenter
923 1826 981 1889 sibi
1003 1845 1021 1888 a
1043 1826 1138 1889 Midia
1159 1827 1345 1890 insultatum
1368 1848 1435 1892 esse

229 1932 379 2014 imprimis
403 1930 619 2012 comprobaret,
643 1949 704 2011 qua
728 1949 760 1994 re
776 1930 992 2006 demonstrata,
1014 1951 1085 1995 oum
1107 1931 1185 1996 illud
1207 1932 1238 1995 in
1253 1933 1437 1998 Demosthe-

229 2057 301 2102 nem
322 2037 440 2100 faoinus
464 2055 516 2118 per
532 2036 704 2116 chore-giam
720 2037 918 2100 commissum
934 2039 1021 2112 esset,
1045 2038 1220 2118 religionem
1234 2038 1353 2102 laesam
1369 2059 1436 2105 esse

230 2143 371 2208 continuo
394 2143 575 2224 apparebat,
606 2161 704 2224 neque
733 2161 807 2223 opus
840 2145 905 2206 erat
933 2143 1079 2225 peculiari
1101 2144 1245 2207 orationis
1267 2147 1355 2225 parte
1378 2147 1436 2210 hoo

229 2249 326 2312 fusius
357 2249 512 2331 persequi,
543 2247 595 2312 sed
624 2248 707 2312 brevi
735 2247 838 2311 addita
868 2249 1057 2313 eonolusione
1087 2250 1217 2313 strietim
1252 2250 1437 2332 subiungere

231 2355 408 2419 suffioiebat.
455 2353 542 2433 Quod
565 2354 725 2418 eonsilium
754 2355 779 2418 si
808 2355 893 2435 sequi
921 2354 952 2417 in
982 2355 1082 2419 animo
1105 2355 1215 2420 fuisset
1237 2358 1357 2432 oratori,
1382 2361 1438 2423 aut

230 2463 320 2544 paulo
343 2464 509 2541 antequam
532 2459 759 2542 dispositionem
786 2463 961 2542 proponeret
990 2463 1043 2524 aut
1074 2462 1106 2523 in
1127 2462 1193 2543 ipsa
1215 2462 1377 2543 partitione
1402 2485 1437 2529 eo

230 2567 318 2631 modo
342 2585 373 2630 se
397 2585 465 2630 rem
486 2566 705 2629 instituturum
727 2585 793 2629 esse
818 2565 986 2646 significare
1010 2567 1147 2642 debebat,
1171 2569 1317 2649 quoniam
1339 2570 1438 2634 totius

230 2673 372 2738 orationis
396 2691 518 2736 summa
539 2672 572 2734 in
595 2690 628 2735 eo
652 2674 717 2734 erat
747 2675 783 2735 ut
804 2671 836 2734 in
859 2672 950 2735 deum
972 2673 1099 2735 Midiam
1122 2674 1293 2754 peoeavisse
1316 2676 1439 2741 evinoe-

229 2884 314 2936 ταῦτα
338 2877 402 2954 πρὸς
424 2876 459 2934 τά
476 2878 563 2948 ταύτην
579 2887 754 2953 πεπραγμένα
773 2875 912 2949 ἀντιθῆτε.
931 2882 1040 2953 πρῶτον
1056 2887 1107 2951 μὲν
1129 2889 1239 2936 τοίνυν.
1254 2924 1259 2935 .
1274 2925 1299 2937 ,.
1319 2883 1440 2956 περὶτὰ

230 2968 364 3042 μυστήρια
388 2964 488 3024 ἀδικεῖν
513 2964 653 3041 Εύάνδρου
669 2967 922 3040 κατεχειροτόνησεν
940 2965 953 3022 ὁ
973 2969 1055 3040 δῆμος
1072 2971 1120 3023 τοῦ
1144 2976 1278 3027 Θεσπιέως
1291 3013 1296 3024 .
1311 3013 1316 3024 .
1331 3015 1356 3024 ..
1377 2978 1440 3027 ἐστι

231 3055 255 3116 δ)
273 3054 286 3112 ό
306 3053 383 3115 αύτόε
400 3054 478 3127 νόμος
495 3056 565 3124 τῷδε
582 3058 621 3125 τῷ
638 3064 699 3129 περὶ
716 3057 772 3110 τῶν
785 3061 933 3111 Διονυσίων
950 3052 964 3112 ό
984 3065 1046 3128 περὶ
1063 3059 1119 3112 τῶν
1136 3067 1297 3131 μυστηρίων,
1316 3055 1439 3120 κάκεῖνος

230 3143 338 3219 ύστερος
355 3145 434 3199 τοῦδε
453 3147 543 3212 ἐτέθη.
562 3152 592 3198 τί
608 3133 655 3198 σύν
671 3143 840 3213 ποιήσαντος,
860 3135 882 3198 τό
895 3141 987 3218 ἄνδρες
998 3141 1144 3213 Ἀθηναῖοι,
1163 3147 1440 3221 κατεχειροτονήσατε

230 3237 278 3290 τού
297 3230 448 3306 Εύάνδρου;
466 3229 537 3288 τοῦτ’
557 3228 687 3287 άκούσατε
701 3277 706 3288 .
720 3276 725 3287 .
741 3277 746 3287 ,
761 3276 767 3287 .
785 3232 1057 3306 κατεχειροτονήσατε
1074 3239 1125 3304 μὲν
1143 3231 1188 3288 διὰ
1205 3236 1297 3300 ταντα,
1316 3244 1360 3289 καὶ
1380 3234 1441 3293 οὐδ’

230 3320 320 3378 δτιούν
343 3318 405 3376 ἄλλο
429 3323 541 3395 προσῆν,
571 3320 730 3375 εἰσελθόντα
750 3316 774 3376 δ’
794 3325 829 3379 εἰς
846 3317 877 3375 τό
897 3320 1069 3395 δικαστήριον
1088 3322 1234 3392 ἐβούλεσθε
1251 3329 1301 3394 μὲν
1319 3323 1442 3395 θανάτῳ

229 3409 341 3466 κολάσαι
355 3453 360 3464 .
375 3452 381 3463 .
396 3453 421 3464 ..
445 3411 481 3467 εῖτ
504 3416 555 3480 μὲν
578 3395 652 3466 οὗτος
675 3410 705 3471 ἐξ
726 3410 795 3465 ἰδίου
817 3408 984 3482 πράγματος,
1009 3405 1131 3480 οὐδεμιᾶς
1153 3406 1252 3483 ύβρεως
1275 3411 1439 3485 προσούσης,

230 3496 297 3573 ὑπὲρ
315 3494 396 3553 αύτοῦ
413 3499 461 3552 τοῦ
478 3498 635 3570 παραβῆναι
653 3493 702 3552 τόν
719 3495 802 3568 νόμον
820 3499 887 3566 (soil.
903 3493 951 3552 τόν
968 3505 1030 3570 περὶ
1047 3500 1102 3552 τῶν
1119 3501 1283 3572 μυστηρίων)
1301 3500 1443 3571 τοσαύτην

232 3589 313 3643 ἐδωκε
332 3586 408 3654 δίκην
421 3628 426 3639 .
441 3629 446 3640 .
461 3629 486 3640 ..
506 3592 594 3657 ἕτερος
612 3581 712 3640 οἷδικεῖν
729 3580 790 3640 ποτ’
810 3585 901 3648 ἐδοξεν
919 3580 980 3656 ύμῖν
1002 3593 1064 3660 περὶ
1087 3583 1122 3640 τά
1142 3585 1277 3651 Διονύσια,
1297 3595 1341 3642 καί
1358 3613 1441 3644 κατε-

228 3673 437 3748 χειροτονήσατε
455 3669 535 3728 αύτού
552 3672 761 3746 παρεδρεύοντος
784 3669 894 3746 ἄρχοντι
917 3676 956 3742 τῷ
973 3669 1034 3744 ύιεῖ,
1062 3670 1104 3730 ότι
1124 3678 1194 3729 θίαν
1211 3672 1282 3733 τινὸς
1299 3678 1440 3748 καταλαμ-

230 3762 362 3834 βάνοντος
380 3757 470 3835 ήητατο
488 3763 614 3836 ἐξείργων
631 3768 659 3814 ἐκ
674 3763 722 3816 τοῦ
740 3761 861 3835 θεάτρου
874 3807 880 3820 .
895 3806 900 3817 .
915 3805 940 3816 ..
959 3759 1036 3816 ταῦτ’
1053 3764 1125 3837 ἔλεγε
1142 3768 1193 3833 μὲν
1211 3772 1314 3829 ἐκεῖνος,
1335 3771 1440 3838 ἐχειρο.

231 3850 364 3920 τονὴσατε
382 3846 406 3905 δ’
424 3845 501 3921 ύμεῖε·
523 3845 552 3904 ού
568 3846 623 3921 μὴν
646 3851 775 3918 εἰσῆλθεν
799 3854 834 3908 εἰς
855 3847 886 3905 τό
912 3849 1084 3923 δικαστήριον
1102 3838 1183 3917 οὗτος,
1205 3847 1260 3905 ἀλλ’
1280 3852 1440 3921 ἐτελεύτησε

231 3939 373 4014 πρότερον·
402 3943 492 4013 ἐτέρου
514 3945 606 3992 τοίνυν
628 3932 642 3993 ό
662 3959 691 3992 τε
718 3938 800 4009 δῆμοι
824 3933 893 3996 ἅπας
916 3937 1168 4011 κατεχειροτόνησεν
1186 3934 1287 3994 άδικεῖν
1304 3949 1365 4013 περὶ
1383 3940 1440 4011 τήν

233 4025 328 4102 ἑορτὴν
350 4035 395 4082 καί
418 4023 489 4098 ύμεῖε
513 4025 671 4081 εἰσελθόντα
691 4021 864 4081 ἀπεκτείνατε
885 4029 988 4091 τοῦτον,
1016 4027 1175 4094 Κτησικλέα,
1194 4022 1236 4082 ότι
1255 4031 1346 4086 σκότος
1365 4034 1440 4100 ἔχων

233 4117 365 4188 ἐπόμπευε
382 4123 426 4170 καί
443 4114 556 4186 μεθύων
576 4113 697 4177 ἐπάταξέ
711 4137 772 4168 τινα
792 4111 893 4188 ἐχθρόν
910 4111 1062 4187 ύττάρχονθ)
1075 4111 1146 4183 αύτῷ
1160 4160 1164 4169 .
1179 4159 1184 4170 .
1199 4159 1204 4170 .
1219 4158 1224 4169 .
1239 4113 1367 4171 ἁπάντων
1379 4129 1440 4174 τοτ’-

232 4229 286 4270 νυν,
305 4194 328 4260 τό
346 4201 440 4278 ἄνδρες
456 4201 602 4274 Ἀθηναῖοι,
622 4191 660 4258 τόν
672 4199 686 4258 ό
698 4209 749 4274 μὲν
760 4190 798 4257 τόν
811 4204 878 4258 είλεν
891 4198 1017 4267 άπσστάς,
1036 4200 1050 4258 ό
1064 4205 1148 4258 δὲκαὶ
1160 4202 1276 4271 θανάτῳ
1290 4209 1438 4274 ζημιωθείς

233 4303 363 4368 φαίνεται,
383 4295 471 4362 πολλῷ
489 4289 614 4367 δεινότερ’
629 4282 656 4346 mi
674 4289 723 4347 οἶδ’
736 4287 777 4348 ότι
789 4291 887 4350 πάντες
906 4289 939 4345 άν
951 4291 1065 4363 φήσειαν
1082 4288 1117 4345 τὰ
1130 4294 1229 4359 Μειδία
1244 4302 1436 4366 πεπραγμένα·
