3142 4834
785 213 826 274 14

699 301 909 310 ---

202 417 361 500 πείσεται,
383 445 423 484 σν
443 415 502 484 ἴσα
522 413 676 510 κτήσηται
699 425 769 498 τοῖς
789 421 926 497 πολλοῖς
947 409 1084 501 1·μῶνο
1100 443 1128 482 τ.
1144 419 1184 496 L,
1215 439 1295 501 quae
1316 422 1410 484 verba

202 529 261 594 nisi
284 529 316 594 in
338 529 449 592 iudicio
464 529 525 593 diei
546 548 607 593 nou
629 529 763 611 potuisse
779 533 1020 592 consentaneum
1034 534 1091 590 est.
1136 528 1274 590 Alteram
1288 533 1409 608 partem

204 635 437 718 (gala-218)
461 635 494 698 iu
517 654 553 699 ea
575 635 709 700 oratione
731 653 827 715 quam
849 633 1100 697 Waohendorfins
1115 633 1355 696 Demosthenem
1377 621 1409 696 in

202 741 350 825 probolae.
364 741 447 824 apud
468 743 616 823 populum
638 741 757 804 actione
784 740 929 814 habuisse
957 743 1061 804 oenset
1089 741 1193 802 locum
1214 758 1276 801 non
1297 740 1411 802 habere

202 846 421 912 dilucidissime
448 847 639 927 eognoseitur
665 847 765 910 verbis
794 846 812 927 g
835 844 977 908 014001
1007 835 1066 928 γὰρ
1086 838 1116 906 εὶ
1140 841 1214 924 μέν,
1245 828 1273 906 ὦ
1300 831 1412 924 ἇνδρες

201 939 376 1038 Ἀθηναῖοι,
398 939 475 1014 τόο’
492 938 539 1014 ὅτ’
555 936 591 1038 ἦν,
613 941 802 1038 rirrpossoirj²
825 941 865 1013 τὰ
880 948 1094 1034 πεπραγμένα
1115 939 1249 1035 όδιξμος
1270 937 1412 1026 ιῗαοόοας

202 1045 466 1144 ἀπεχειροτόνησε
497 1053 654 1136 Μειδίου,
684 1045 741 1120 οἰκ
768 1043 807 1120 ἂν
834 1046 955 1138 ὁμοίως
975 1041 1012 1142 ἦν
1032 1047 1144 1119 δεινόν·
1190 1056 1279 1135 Quod
1303 1062 1411 1122 autem

203 1165 221 1247 fi
243 1165 286 1228 99
310 1167 341 1229 et
357 1163 536 1228 180-188
562 1165 600 1228 de
622 1165 730 1227 eadem
751 1182 784 1227 re
806 1164 909 1243 agitur
937 1183 998 1227 uon
1027 1165 1072 1226 ita
1100 1167 1137 1226 ut
1157 1163 1208 1226 ille
1230 1165 1297 1226 vult
1319 1165 1412 1244 expli-

204 1271 267 1336 oari
289 1289 376 1354 posse
398 1271 506 1334 eodem
528 1270 618 1334 modo
648 1271 884 1334 demonstratur.
929 1269 946 1351 g
966 1271 1008 1332 00
1031 1268 1116 1332 euim
1143 1270 1236 1332 verba
1265 1273 1301 1332 ut
1328 1270 1411 1352 apud

207 1377 322 1442 iudioes
345 1375 549 1459 proferrentur
570 1377 726 1440 destinata
745 1376 840 1438 fuisse
862 1379 893 1438 et
914 1395 951 1439 ex
972 1375 1010 1438 iis
1035 1394 1113 1456 quae
1134 1376 1268 1457 proxime
1291 1394 1412 1456 praeoe-

204 1483 282 1547 dunt
303 1485 335 1547 et
364 1501 436 1546 oum
465 1483 513 1546 his
541 1482 693 1546 artissime
722 1482 884 1546 cohaerent
910 1481 1090 1564 perspicitur
1117 1482 1217 1544 verbis
1245 1468 1282 1543 οὗ
1303 1471 1411 1566 παρά-

205 1588 321 1673 δειγμα
343 1578 510 1672 ποιήσαιο,
543 1571 570 1650 ὦ
598 1573 708 1671 inopes
729 1581 892 1664 δικασταί,
915 1609 946 1648 κ.
962 1609 990 1648 τ.
1006 1585 1035 1648 t.
1060 1589 1091 1649 et
1120 1606 1155 1650 ex
1178 1587 1196 1668 ξ
1223 1589 1283 1650 100
1312 1589 1411 1650 verbis

204 1689 255 1770 τίς
277 1677 330 1756 οόν
350 1682 485 1778 ὑβρίζων
505 1683 666 1755 παόσιται
688 1689 744 1754 καὶ
767 1681 811 1754 δι’
834 1676 856 1754 11
876 1689 976 1754 ταῖτα
998 1694 1090 1755 ποιεῖ
1110 1683 1255 1778 χρήματα
1276 1679 1411 1779 ἀφαιρε-

205 1789 360 1886 airaon·
396 1819 471 1864 110111
500 1817 519 1862 0
546 1799 655 1880 populo
685 1817 782 1880 poena
811 1817 872 1862 non
902 1799 1103 1878 irrogabatur,
1134 1799 1188 1862 sed
1221 1799 1253 1862 id
1287 1803 1411 1863 tantum

205 1905 445 1980 (11100100001111,
473 1906 580 1968 utrum
609 1923 703 1968 eausa
731 1904 841 1967 iudioio
870 1904 1090 1968 committenda
1112 1908 1194 1968 esset
1216 1925 1318 1970 neone.
1364 1906 1410 1968 De

204 2011 222 2094 β
247 2012 417 2076 180-188
441 2013 547 2076 autem
569 2010 649 2073 idem
672 2011 887 2092 comprobatur
907 2009 924 2091 ξ
942 2010 1005 2072 188
1021 2011 1121 2074 verbis
1143 1997 1219 2073 τόθ’
1235 1999 1325 2091 ὑμεῖς
1339 2002 1413 2086 τοὺς

204 2107 318 2199 νόμους
346 2107 457 2196 ἔχοντά
483 2138 525 2197 με
552 2109 691 2201 πλησίον
720 2104 855 2202 ἡγεῖσθε
884 2106 1083 2200 παρεστάναι
1109 2114 1165 2178 καὶ
1187 2106 1242 2178 τὸν
1264 2105 1357 2199 όρκον
1377 2101 1413 2178 όν

205 2211 404 2305 ὀμωμόκατε,
427 2212 553 2298 τούτοις
574 2208 723 2299 ἆξιοόντα
737 2219 793 2284 καὶ
809 2207 1033 2302 οἷνιιβολοῦντα
1048 2216 1184 2284 ἕκαστον
1198 2210 1285 2302 ὑμῶν
1307 2219 1411 2308 ψηφί-

206 2331 342 2392 σασθαι.
402 2327 522 2392 Tertiae
551 2328 633 2391 illius
668 2327 854 2409 repetitionis
897 2331 1064 2408 utrumque
1099 2329 1200 2390 looum
1229 2328 1258 2410 (ξ
1290 2330 1350 2391 101
1383 2332 1413 2391 et

203 2435 220 2516 §
247 2435 431 2517 184-185)
455 2434 598 2498 orationis
620 2433 795 2498 iudiciariae
824 2435 944 2514 partem
973 2452 1039 2497 esse
1068 2433 1270 2498 demonstrari
1298 2435 1413 2515 nequit.

207 2541 288 2606 Nam
310 2541 410 2623 priora
433 2539 557 2621 quidem
580 2540 673 2604 verba
696 2538 725 2620 (ᾖ
744 2539 818 2622 101)
843 2539 924 2621 apud
947 2541 1092 2621 populum
1115 2539 1175 2602 dioi
1197 2560 1257 2603 non
1280 2542 1412 2622 potuisse

206 2647 305 2712 elucet
327 2665 363 2710 ox
385 2646 421 2708 iis
444 2663 522 2727 quae
546 2645 583 2709 de
606 2645 681 2727 §99
697 2645 787 2708 modo
801 2646 920 2726 prolata
943 2649 1023 2721 sunt
1046 2665 1118 2708 eum
1134 2665 1211 2727 quae
1227 2646 1244 2728 ἓ
1261 2647 1409 2710 05-101

207 2753 350 2834 leguntur
372 2771 431 2815 uno
454 2754 557 2815 tenore
578 2751 750 2832 oonseripta
773 2770 839 2814 esse
867 2754 1008 2833 apertum
1037 2752 1092 2826 sit3
1121 2752 1175 2815 sed
1204 2752 1410 2832 §lai-185

210 2859 241 2922 111
263 2858 396 2921 oratione
419 2857 578 2920 iudiciaria
602 2856 707 2920 sedem
723 2875 812 2920 suam
834 2857 946 2921 habere
962 2857 1080 2920 ostendi
1095 2877 1156 2921 uon
1179 2860 1287 2940 potest.
1324 2860 1412 2922 Atta-

205 2983 276 3028 men
299 2982 358 3026 11οο
390 2963 488 3044 magis
517 2962 548 3026 id
571 2962 759 3044 comprobari
791 2965 890 3045 potest
919 2964 993 3027 haee
1023 2963 1062 3026 ad
1092 2964 1231 3045 probolae
1262 2965 1413 3027 aotioueui

207 3070 364 3153 portinere.
410 3068 518 3150 Itaque
541 3070 641 3151 potest
663 3069 786 3152 quidem
809 3087 871 3132 una
893 3069 968 3132 haee
990 3070 1128 3151 repetitio
1150 3071 1194 3133 ita
1210 3075 1245 3132 ut
1261 3070 1414 3133 Waeheu-

207 3175 319 3240 (10111110
342 3175 408 3239 vult
430 3178 496 3238 orta
525 3193 609 3250 osse,
642 3176 695 3239 sod
726 3175 757 3238 id
785 3195 845 3239 nou
872 3176 1007 3238 multum
1029 3176 1117 3251 vaiet,
1139 3177 1198 3239 nisi
1221 3176 1297 3239 aliae
1321 3180 1413 3257 atque

207 3281 359 3360 graviores
382 3299 493 3344 eausae
525 3281 671 3345 aooedant
702 3281 812 3362 quibus
843 3281 924 3344 idem
954 3281 1140 3345 ostendatur.
1193 3280 1280 3360 Quod
1309 3286 1412 3345 autem

207 3387 256 3450 iilo
287 3387 382 3451 etiam
408 3387 569 3450 nonnullas
598 3387 675 3449 alias
705 3405 753 3450 res
784 3387 815 3448 in
844 3386 1036 3451 adnotatione
1048 3389 1072 3471 ¹)
1096 3390 1315 3451 commemorat
1336 3407 1414 3469 quae
1443 3382 1445 3388 ’

209 3491 253 3556 bis
277 3493 308 3556 111
331 3492 546 3556 honoratione
570 3492 715 3573 repetitae
744 3492 821 3567 sint,
852 3492 901 3554 his
933 3492 987 3554 illa
1015 3494 1187 3557 oouieotura
1209 3513 1331 3576 prorsus
1354 3514 1414 3558 nou

207 3599 412 3674 confirmatur,
436 3617 507 3661 oum
530 3598 584 3661 illa
606 3616 643 3661 ne
665 3600 735 3661 tum
757 3597 881 3678 quidem
904 3598 929 3660 si
956 3598 987 3660 in
1010 3600 1143 3663 oratione
1165 3601 1313 3683 perpolita
1335 3602 1415 3681 lege-

208 3707 313 3768 routur
343 3722 474 3783 maguae
504 3703 660 3767 offensioni
690 3707 800 3768 esseut.
847 3703 939 3768 Velut
967 3704 985 3786 ἓ
1009 3705 1050 3766 83
1075 3724 1118 3786 sq.
1141 3706 1213 3786 quid
1242 3707 1353 3771 Midias
1383 3709 1413 3770 in

208 3809 383 3876 Stratonem
398 3809 565 3891 patraverit
586 3811 736 3885 narratur,
760 3810 777 3892 ξ
794 3811 835 3872 05
852 3829 897 3890 sq.
914 3813 1029 3885 autem,
1044 3829 1234 3892 quamquam
1256 3812 1293 3875 de
1308 3814 1415 3876 eodem

208 3915 287 3980 sueto
311 3915 421 3996 agitur,
444 3934 503 3979 nou
527 3917 669 3978 narratur
690 3916 745 3978 1110
767 3933 824 3991 res,
856 3915 909 3978 sed
932 3919 1062 3996 augetur
1091 3919 1121 3979 et
1150 3922 1353 3997 exaggeratur
1375 3919 1415 3982 ad

210 4021 346 4086 iudioum
368 4021 472 4084 odium
495 4021 527 4083 iu
550 4020 683 4083 Mediam
706 4020 971 4084 inflammandum.
1017 4022 1104 4101 Quod
1135 4026 1289 4105 praeterea
1311 4025 1329 4105 ξ
1351 4025 1413 4087 185

262 4181 472 4190 .....--——-=

300 4267 318 4336 ¹)
337 4265 365 4319 L.
385 4264 401 4319 1.
422 4281 445 4333 p.
465 4265 558 4319 411111.
579 4265 602 4318 3.
