3142 4834
752 239 817 322 15'.

164 473 195 536 et
219 471 281 533 198
305 469 414 534 eadem
436 470 497 534 fere
513 470 640 554 verba1)
664 474 860 552 usurpantur,
881 470 913 534 id
934 471 997 535 iam
1014 489 1106 552 snpra
1121 469 1205 533 haud
1219 471 1263 534 ita
1278 470 1371 534 offen-

163 578 233 647 dere
256 575 398 639 diximus.
445 575 529 654 δοκε
549 579 653 658 autem
676 577 717 640 sit
738 577 791 642 ille
812 596 861 641 res
884 595 978 658 quom
994 575 1246 640 Waehendorfius
1261 595 1290 658 p.
1307 577 1369 639 539

163 683 194 766 (ᾖ
212 682 354 765 75-78)
388 684 554 746 tractatam
587 703 615 764 p.
641 682 704 746 566
737 681 767 764 (ἓ
792 682 975 766 lte-161)
1011 682 1105 764 repeti
1128 682 1283 746 contendit
1310 701 1371 746 non

163 788 323 871 perspicio.

261 893 407 957 Videmus
429 893 524 975 igitur
546 912 598 958 eas
627 912 736 960 tensas
759 912 836 975 quas
858 893 1109 958 Woohendorfius
1132 893 1171 956 ed
1193 912 1283 957 suem
1306 913 1373 958 sen-

170 999 296 1063 tentiam
325 999 566 1063 confirmandam
596 999 720 1081 protulit
748 1002 868 1081 praeter
895 1018 990 1062 unam
1019 993 1124 1063 omnes
1156 1018 1222 1064 esse
1250 1000 1372 1074 inenes3

167 1105 368 1170 illudentem
391 1105 471 1186 quod
498 1124 561 1169 una
589 1105 642 1168 illa
664 1104 800 1169 eiusdem
822 1106 866 1169 rei
888 1105 1029 1187 repetitio
1046 1105 1162 1169 ratione
1185 1105 1224 1168 ab
1247 1125 1281 1169 eo
1304 1125 1372 1187 pro-

164 1212 264 1293 posita
293 1210 436 1292 explicari
466 1212 566 1292 potest
592 1212 660 1275 'tem
687 1210 761 1274 levis
789 1211 937 1275 momenti
965 1213 1013 1275 est
1040 1213 1076 1273 ut
1103 1229 1140 1274 ne
1169 1229 1242 1274 oum
1274 1212 1371 1293 speeie

165 1316 291 1398 quidem
321 1316 595 1380 verisimilitudinis
633 1315 665 1379 id
696 1316 777 1398 quod
809 1316 860 1380 ille
890 1317 957 1380 vuit
984 1334 1020 1379 ex
1043 1335 1077 1380 eo
1104 1316 1242 1380 ooneludi
1273 1317 1370 1381 lieeet.

164 1422 294 1486 Prorsus
318 1425 423 1486 autem
451 1421 604 1486 refutetur
626 1422 693 1486 eius
716 1421 813 1504 opinio
836 1440 870 1485 eo
893 1421 972 1505 quod
1001 1421 1131 1504 exeeptis
1154 1422 1272 1487 duobus
1295 1424 1369 1486 loeis

164 1529 354 1593 brevissimis
378 1546 578 1610 quaeeunque
605 1528 637 1593 in
664 1529 723 1592 hee
751 1528 884 1592 oratione
912 1529 1106 1592 eontinentur
1136 1529 1174 1592 ed
1204 1529 1371 1593 orationem

164 1635 359 1698 iudiciariam
381 1635 530 1717 pertinere
559 1633 647 1698 fenile
675 1633 876 1697 demonstrari
907 1637 1016 1715 potest.
1062 1633 1148 1713 Quod
1170 1635 1215 1697 ite
1236 1653 1372 1717 eompre-

164 1741 239 1804 ,σεῖε
259 1740 334 1804 mihi
363 1742 396 1803 in
424 1739 525 1803 animo
554 1741 601 1803 est
629 1742 664 1803 ut
692 1759 727 1803 ex
756 1740 884 1820 singulis
913 1739 1050 1822 pertibus
1080 1758 1141 1802 uno
1171 1742 1274 1804 tenore
1303 1760 1373 1804 eon-

171 1846 290 1928 seriptis
314 1864 350 1909 ea
372 1865 408 1910 ex
432 1846 543 1927 quibus
565 1845 640 1908 illud
663 1845 762 1908 elucet
783 1845 874 1909 verba
901 1844 1062 1927 proferam.
1107 1845 1153 1910 De
1176 1845 1370 1928 §1-1201’.

165 1951 183 2032 ἕ
207 1953 222 2016 1
248 1952 340 2016 verba
377 1941 441 2037 Τὴν
467 1947 526 2032 μέν
553 1938 729 2034 ἆσέλγειαν,
760 1934 919 2035 οδδίνδρες
940 1945 1105 2028 δικασταί,
1129 1949 1185 2013 καί
1207 1941 1262 2038 τὴν
1284 1939 1373 2037 δβριν

162 2037 290 2143 ιίγπρδς
312 2044 459 2134 ἅπαντας
481 2043 531 2119 ἆεί
552 2053 664 2142 χρῆναι
694 2050 838 2132 Μειδίας
866 2042 978 2119 οὐδένα
1009 2042 1082 2119 οὔθ)
1104 2045 1190 2139 ὑμῶν
1218 2043 1288 2120 οίπε
1309 2055 1373 2120 τῶν

161 2149 268 2225 ίίλλοιν
290 2159 434 2226 πολιτῶν
455 2148 578 2247 ἆγνοεῖν
609 2151 709 2243 οἶμαι.
735 2152 797 2246 έγώ
825 2149 864 2240 δ’,
889 2149 969 2246 ὅπερ
991 2147 1030 2225 δν
1051 2161 1107 2226 καί
1129 2151 1215 2244 ὑμῶν
1238 2160 1373 2240 «ἕκαστος

162 2258 336 2354 ὑβρισθεὶς
362 2263 530 2353 προείλετο
552 2264 684 2352 πρᾶξαι,
704 2263 798 2330 reiro
819 2266 875 2330 καί
899 2254 993 2344 αὐτὸς
1020 2263 1170 2355 ἐποίησα,
1193 2266 1249 2332 καί
1272 2291 1372 2355 πρου-

161 2365 308 2460 βαλδμην
330 2361 453 2438 δδικεῖν
480 2371 591 2437 κοῖτον
620 2371 695 2458 περὶ
723 2363 779 2459 τὴν
810 2363 917 2459 έοριὴν
945 2396 974 2436 κ.
990 2397 1018 2436 τ.
1034 2372 1062 2436 λ.
1100 2375 1117 2457 ξ
1141 2377 1159 2438 2
1193 2366 1307 2462 ἐπειδὴ
1336 2372 1373 2439 δέ

162 2477 273 2556 καλῶς
294 2471 406 2543 καὶτὰ
422 2475 535 2544 δίκαια
557 2476 664 2542 ποιῶν
686 2468 819 2565 δδῆμος
841 2467 930 2556 δίπας
953 2466 1052 2556 οὕτως
1074 2467 1241 2567 ιδργίσδη.
1259 2531 1292 2545 ..
1318 2470 1371 2569 ἐφ’

163 2575 216 2663 οἷς
231 2573 411 2673 ἠδικημένῳ
432 2609 491 2667 μοι
513 2575 637 2672 συνῄδει
661 2573 743 2648 δίσιε
765 2575 873 2648 πάντα
888 2581 1059 2662 ποιοῦντος
1073 2576 1186 2650 κοίτου
1208 2581 1265 2650 καί
1278 2611 1372 2650 ιινιυν

163 2678 270 2755 δίλλιον
292 2681 374 2778 ὑπὲρ
404 2679 500 2756 odron
529 2680 585 2756 οὗκ
617 2687 761 2778 ἐπείσθη
791 2677 856 2754 οὔδ’
887 2678 1074 2777 ἆπέβλεψεν
1102 2686 1149 2768 είς
1175 2683 1234 2769 τὰς
1262 2680 1373 2769 οδσίας

161 2789 223 2876 τὰς
238 2788 357 2862 τούτων
373 2785 452 2861 ὀὐδὲ
466 2788 525 2874 τὰς
543 2786 743 2876 ὑποσχέσεις,
767 2783 848 2859 ἀλλὰ
869 2793 930 2882 μιᾷ
952 2786 1058 2883 γνώμη
1079 2790 1369 2885 κατεχειροτόνησεν

163 2891 262 2968 αὐτοῦ
274 2953 282 2983 ,
311 2898 431 2967 πολλοί
457 2925 515 2985 μοι
544 2893 747 2988 προσιόντες,
779 2886 937 2988 ὦίίνδρες
966 2897 1134 2982 δικασταί,
1164 2902 1221 2966 καί
1251 2901 1314 2967 τῶν
1337 2901 1370 2967 ἐν

164 3007 213 3096 τῷ
237 3005 432 3095 δικαστηρίῳ
447 3006 498 3072 νῖν
521 2995 618 3072 ίίνειον
639 2997 726 3090 ὑμῶν
747 3030 776 3071 κ.
793 3032 820 3074 ν.
837 3007 865 3071 λ.
904 3009 922 3090 ξ
939 3011 957 3072 6
973 2991 1009 3094 ἣν
1023 2996 1106 3095 δπέρ
1119 3000 1239 3073 εοίπιον
1253 2997 1370 3095 ἆγανα-

163 3107 287 3203 κνήσας
302 3114 358 3179 καὶ
375 3113 598 3200 συνοργισθεὶς
612 3109 889 3197 καταχειροτονίαν
904 3102 921 3177 δ
937 3110 1037 3200 δῆμος
1053 3105 1240 3201 ἐποιήσατο,
1256 3106 1371 3202 ταύτην

168 3218 352 3310 εἰσέρχομαι
373 3243 403 3284 κ.
420 3244 447 3285 ν.
464 3220 492 3283 λ.
538 3221 555 3301 ᾖ
580 3221 618 3284 11
643 3217 850 3300 ἐνθυμεῖσθε,
875 3204 901 3282 ὦ
923 3205 1033 3305 δίνδρες
1060 3216 1221 3298 δικασταί,
1251 3244 1281 3284 κ.
1297 3245 1325 3285 ι.
1341 3220 1369 3286 λ.

252 3329 299 3392 De
322 3327 339 3410 5
357 3328 495 3404 13-18,
518 3345 612 3409 quam
626 3329 745 3409 partem
760 3326 1046 3411 Waehendorfius2)
1071 3346 1106 3390 ex
1126 3327 1222 3409 priore
1237 3328 1370 3392 oratione

168 3435 377 3518 depromptam
406 3453 472 3498 esse
501 3433 670 3508 contendit,
700 3451 889 3527 quamquam
917 3433 1006 3514 paulo
1036 3435 1127 3496 antee
1157 3433 1278 3497 omniuo
1305 3434 1371 3498 fieri

165 3561 225 3604 non
246 3559 336 3623 posse
359 3539 432 3603 dieit
455 3542 490 3603 ut
510 3558 588 3622 quae
609 3539 683 3602 olim
705 3555 796 3620 prave
817 3539 986 3602 maluerint
1015 3557 1097 3602 nuno
1120 3542 1189 3620 epte
1212 3558 1371 3603 secernen-

166 3649 270 3710 tutet
293 3665 447 3728 quaenam
468 3644 560 3709 fuerit
581 3645 709 3726 pristine
731 3644 873 3708 orationis
902 3644 1000 3708 forme
1028 3665 1066 3708 ne
1089 3645 1222 3708 divinare
1245 3645 1369 3726 quidem

165 3753 253 3817 linere
276 3752 417 3829 affirmat,
441 3750 478 3815 of.
500 3750 518 3832 ἓ
543 3751 583 3813 16
613 3748 668 3813 καί
699 3735 765 3814 οὐδ’
788 3736 827 3812 δν
856 3744 1045 3836 ἐπεχείρησα
1068 3745 1165 3834 ἔγωγε
1187 3753 1372 3837 κακηγορεῖν

254 4052 274 4118 ¹)
293 4050 373 4118 ι8185
392 4043 467 4104 ἄλλος
484 4069 524 4103 τις
537 4089 542 4098 .
557 4089 562 4099 .
578 4090 582 4099 .
601 4054 645 4100 καὶ
663 4043 722 4103 τοὺς
738 4052 789 4116 μὲν
806 4044 933 4116 πτωχούς,
952 4043 1012 4104 τοδε
1030 4047 1060 4100 δὲ
1077 4045 1249 4118 καθάρματα,
1268 4043 1328 4104 τοδε
1345 4043 1369 4102 δ’

168 4131 242 4190 aitte
259 4134 459 4206 ὑπολαμβάνων
477 4137 552 4188 εἶναι.
580 4137 658 4203 §198
675 4142 718 4188 καὶ
736 4133 835 4192 πάντες
853 4139 905 4188 εἰσὶ
923 4133 1009 4202 τούτῳ
1026 4134 1190 4208 καθάρματα
1204 4143 1248 4188 καὶ
1266 4144 1370 4208 πτωχοὶ

166 4233 208 4278 καί
227 4221 282 4280 οὐδ’
302 4220 452 4296 ἆνδριαποι.

253 4313 444 4383 untes
