3142 4834
809 255 849 315 50

227 461 373 528 iudieium
396 464 509 527 talibus
532 464 705 528 hominibus
731 464 878 528 refertum
902 464 1003 541 adeat,
1033 465 1106 546 quid
1127 465 1232 530 veniae
1262 468 1316 529 aut
1339 485 1436 549 quarn
1567 507 1568 514 κ

227 570 431 634 defensionem
454 570 691 652 impetraturum
713 589 784 634 eum
808 590 873 635 esse
896 574 1020 653 putenm
1045 570 1150 634 eodem
1173 571 1262 635 modo
1285 591 1344 654 quo
1367 573 1435 636 illos

226 678 294 738 tum
324 680 444 740 aoturos
475 695 541 742 esse
571 677 746 740 existiment
780 677 855 758 ipsis
887 676 1040 757 agendum
1071 695 1146 742 esse.
1192 678 1210 758 ᾗ
1243 679 1435 741 ala-218

228 785 334 846 autem
357 782 486 846 divitum
509 801 612 864 preoes
639 802 673 846 eo
697 783 799 846 irritae
821 782 990 846 redduntur
1014 783 1108 864 quod,
1138 802 1210 846 oum
1239 785 1271 847 in
1293 785 1436 866 probolae

226 889 345 952 notione
368 888 405 952 iis
430 889 670 970 supplicantibus
700 889 829 971 populus
852 890 1014 952 obsecutus
1037 890 1177 964 nonsit,
1206 889 1239 953 in
1265 909 1299 952 eo
1321 891 1434 955 iudicio

225 994 341 1058 iudioes
364 994 472 1058 dehere
495 995 654 1076 persistere
677 996 777 1058 orator
799 994 895 1058 docet.
944 994 1053 1077 Itaque
1075 995 1158 1058 idem
1181 995 1307 1060 diversis
1330 997 1435 1060 oensis

222 1101 346 1164 reinitur
376 1103 425 1175 et,
458 1104 494 1164 ut
523 1101 586 1163 iam
618 1119 710 1183 supra
739 1099 856 1163 dietum
884 1104 948 1176 est,
979 1101 1010 1165 id
1044 1102 1168 1164 tantum
1199 1100 1324 1166 offendit
1352 1103 1435 1184 quod

222 1206 239 1287 ξ
263 1207 327 1268 213
351 1206 394 1269 sio
418 1207 524 1288 insipit
545 1207 633 1286 quasi
656 1206 693 1270 de
715 1224 752 1269 ea
773 1225 806 1269 re
828 1207 974 1270 uoniam
997 1207 1166 1289 expositum
1190 1208 1238 1270 sit.
1285 1205 1432 1272 Ceterum

222 1313 325 1375 omnia
355 1313 386 1374 in
417 1312 475 1374 illis
505 1312 663 1392 particulis
695 1312 813 1394 prolata
842 1316 908 1376 tam
939 1312 1058 1376 diversa
1090 1315 1163 1376 sunt
1189 1316 1225 1376 ut
1254 1314 1312 1378 alio
1343 1314 1432 1379 initio

223 1419 241 1500 ξ
265 1420 329 1482 213
353 1418 519 1482 substituto
543 1418 645 1481 omnia
667 1419 759 1500 plana
781 1421 873 1499 atque
896 1421 968 1500 apta
991 1422 1101 1482 essent.
1141 1419 1249 1500 Itaque
1271 1421 1303 1484 in
1326 1425 1433 1503 aperto

223 1529 271 1589 est
293 1524 532 1588 Demosthenem
559 1524 710 1605 posterius
739 1528 831 1606 eaput
861 1523 892 1606 (ξ
917 1526 1116 1608 213-218)
1147 1528 1217 1589 ante
1247 1526 1332 1608 prius
1361 1547 1434 1590 oon-

222 1631 339 1706 feoisse,
363 1649 443 1706 oum,
467 1630 492 1692 si
514 1632 619 1711 postea
641 1630 717 1693 illud
740 1631 976 1712 oonsoripsisset,
1003 1631 1094 1694 aliter
1113 1631 1145 1694 id
1168 1631 1258 1713 priori
1282 1651 1353 1696 eum
1378 1633 1433 1697 ad-

220 1738 398 1801 iuncturum
420 1736 514 1799 fuisse
535 1736 696 1799 verisimile
720 1736 769 1800 sit.
814 1736 925 1800 Postea
948 1739 1062 1813 autem,
1086 1756 1158 1800 oum
1179 1737 1231 1819 qni
1254 1758 1306 1820 pro
1330 1739 1431 1804 Midia

135 1857 138 1864 ⁴
221 1844 336 1906 oraturi
360 1845 463 1906 essent
484 1841 657 1918 audivisset,
681 1843 813 1906 altemm
845 1842 922 1905 illud
944 1846 1163 1923 argumentum
1187 1843 1218 1930 (ξ
1241 1845 1430 1928 208-212)

222 1949 261 2012 ad
283 1967 387 2012 eorum
418 1948 660 2030 depreeatiouem
690 1947 916 2029 infringendam
944 1949 1130 2031 composuit,
1160 1949 1240 2031 quod
1267 1951 1312 2014 illi
1341 1951 1432 2016 alteri

221 2059 326 2139 postea
349 2057 589 2136 anteponeretur.
629 2054 709 2117 Nam
724 2055 815 2118 verba
837 2056 1044 2137 §ara-218
1068 2056 1237 2138 conscripta
1253 2075 1320 2121 esse
1344 2061 1433 2122 ante-

223 2181 317 2244 quam
340 2162 393 2244 qni
416 2161 545 2224 divitum
567 2179 620 2241 pro
642 2180 693 2225 reo
715 2160 861 2243 prodituri
884 2165 987 2225 essent
1002 2165 1192 2244 compertum
1208 2163 1343 2240 haberet,
1366 2165 1387 2228 i.
1404 2185 1431 2229 e.

223 2271 293 2332 ante
316 2268 332 2349 g
356 2268 538 2341 208—212,
565 2267 613 2329 vel
636 2287 671 2331 er
694 2286 729 2330 ea
751 2286 783 2331 re
805 2267 925 2330 videtur
946 2268 1084 2331 ooneludi
1106 2287 1194 2349 posse
1217 2269 1298 2350 quod
1320 2269 1338 2351 ξ
1363 2271 1429 2334 215

223 2374 458 2456 Neoptolemum
479 2373 723 2437 Mnesarolridem
745 2372 948 2455 Philippidem
971 2373 1093 2438 eosdem
1115 2393 1181 2438 esse
1198 2375 1249 2456 qui
1264 2375 1297 2438 in
1311 2375 1426 2440 iudieio

225 2499 344 2562 quoque
374 2480 490 2544 oraturi
520 2479 582 2542 sint
609 2497 669 2542 non
699 2480 899 2559 significatur.
950 2479 1042 2555 Nam,
1071 2482 1106 2543 ut
1135 2481 1200 2544 iam
1233 2480 1394 2546 Nitsohius
1406 2485 1432 2566 1)

223 2587 305 2662 dixit,
335 2586 497 2649 verisimile
527 2588 574 2649 est
603 2585 850 2660 Demosthenem,
880 2585 905 2648 si
935 2605 985 2649 eos
1014 2585 1048 2648 in
1077 2585 1187 2649 iuditio
1216 2585 1432 2668 deprecaturos

222 2712 287 2757 esse
319 2692 382 2755 iam
411 2694 600 2774 oompertum
627 2691 796 2766 habuisset,
826 2710 886 2754 non
915 2693 1205 2772 praetermissurum
1234 2692 1330 2758 fuisse
1354 2695 1431 2775 quin

221 2800 238 2881 ἓ
262 2799 325 2862 215
349 2800 600 2862 oommemoraret
628 2796 750 2860 eosdem
779 2797 842 2860 iam
870 2799 959 2860 autea
988 2798 1133 2879 populum
1161 2799 1301 2879 precibus
1325 2800 1430 2864 adisse

220 2908 256 2968 ut
277 2904 404 2967 Midiam
427 2904 603 2966 absolveret.

309 3028 375 3092 Iam
398 3030 434 3090 ut
455 3027 512 3109 ipsi
536 3026 684 3108 quomodo
706 3027 872 3090 orationem
896 3026 1115 3108 disponendam
1144 3046 1211 3091 esse
1243 3047 1428 3094 censeamus

220 3135 429 3217 explanemuS,
464 3133 598 3214 primum
641 3133 940 3214 anteoooupationem
978 3133 1160 3215 §aa-ll
1198 3135 1300 3198 losum
1335 3155 1430 3200 snum

219 3243 332 3304 hahere
363 3244 434 3302 ante
468 3239 604 3320 reliquae
639 3238 753 3302 Midiae
782 3239 862 3302 vitae
899 3241 1121 3303 enarrationem
1157 3241 1189 3302 iu
1219 3241 1301 3304 illius
1330 3241 1430 3324 ipsius

219 3346 336 3411 exordio
360 3345 566 3426 signifieatum
595 3348 642 3408 est
664 3345 763 3408 verbis
791 3334 898 3407 πολλὰ
920 3341 979 3426 μὲν
1000 3340 1104 3408 τοίνυν
1120 3394 1127 3408 .
1146 3394 1153 3408 .
1171 3392 1204 3408 ..
1228 3334 1319 3428 ὑμᾶς.
1366 3349 1429 3412 Re-

218 3454 337 3516 tutatur
359 3454 464 3516 autem
492 3451 627 3532 primum
649 3451 723 3513 illud
748 3451 828 3532 quod
850 3451 979 3514 Midiam
1002 3451 1156 3515 dicturum
1185 3471 1252 3517 esse
1274 3456 1425 3536 comperit

217 3562 332 3634 orator,
365 3576 491 3622 oausam
513 3558 665 3638 privatam
695 3575 760 3620 esse
789 3560 934 3638 oportere,
964 3577 1024 3620 non
1046 3559 1209 3640 publicam.
1262 3557 1357 3624 Cuius
1383 3561 1427 3625 rei

217 3667 277 3729 duo
300 3665 351 3728 ille
375 3664 524 3727 allaturus
549 3667 595 3727 est
618 3666 818 3743 argumenta,
846 3681 946 3726 unum
978 3664 1131 3746 exipsius
1155 3664 1290 3728 oriminis
1312 3669 1429 3730 natura

216 3772 346 3853 pet'tum
378 3769 408 3852 (ᾖ
433 3771 474 3832 25
487 3770 603 3852 -28),
633 3769 766 3832 alterum
800 3768 839 3832 ad
870 3770 1056 3834 accusatoris
1079 3789 1241 3852 personam
1273 3775 1427 3853 spectans,

217 3878 296 3959 qnod
313 3897 393 3942 unus
410 3877 642 3951 Demosthenes,
665 3875 709 3939 rei
723 3875 876 3952 inimisus,
899 3877 1004 3940 laesus
1021 3875 1061 3939 sit
1078 3875 1107 3957 (ξ
1123 3877 1277 3961 atr-35).
1308 3878 1429 3943 Deinde

215 3984 361 4048 refellitur
383 3984 463 4065 quod
485 3981 597 4045 Midias
619 3983 757 4063 exempla
780 3983 910 4046 aliorum
930 3981 1171 4062 magistratuum
1186 3984 1239 4064 qui
1261 3983 1428 4074 insolentia

215 4089 314 4154 affeoti
331 4090 392 4154 sint
415 4089 453 4152 ad
468 4087 712 4152 imminuendam
727 4088 865 4152 iudicum
882 4088 961 4152 iram
975 4087 1149 4168 prolaturus
1166 4089 1206 4152 sit
1223 4089 1252 4171 (ξ
1269 4090 1427 4175 36-41).

213 4195 254 4259 lis
279 4214 356 4278 quae
380 4200 550 4277 sequuntur
581 4193 764 4276 §42-50
795 4195 832 4258 de
854 4211 951 4275 poena
981 4179 1100 4278 ὕβρεως
1129 4193 1231 4275 agitur
1259 4195 1429 4277 eodemque

215 4306 354 4385 spectant
375 4303 394 4383 ξ
418 4303 554 4378 70-76,
586 4301 696 4384 quibus
719 4300 857 4382 exempla
882 4297 1077 4380 potissimum
1102 4299 1248 4364 similium
1272 4302 1424 4367 scelerum

1566 1423 1568 1464 l
