3142 4834
136 507 153 587 ξ
180 507 221 568 19
247 505 407 586 usquead
430 506 447 587 ᾗ
471 507 512 567 22
536 506 680 584 leguntur
709 503 784 568 mihi
807 492 919 584 seripta
950 503 1042 565 fnisse
1065 501 1207 564 ridentur
1235 502 1266 562 in
1290 500 1350 564 alia

135 598 283 674 oratione’
315 615 346 675 et
375 631 403 692 p.
426 612 463 674 al
489 611 688 674 inveniuntur
710 611 800 673 haee:
838 598 1057 672 ‘Statuendum
1080 611 1127 671 est
1147 607 1243 688 igitur
1264 607 1346 686 frag-

134 721 242 781 mento
265 717 410 780 orationis
433 717 512 797 quod
535 717 696 780 inoobatur
717 716 786 779 inde
817 717 877 796 εξ
900 717 941 777 23
972 715 1011 778 ab
1034 717 1150 777 oratore
1174 714 1274 776 loeum
1297 712 1350 775 ad-

136 825 297 903 signatum
319 823 414 886 fuisse
445 822 476 885 in
499 823 594 886 altera
616 822 788 887 reductione
817 824 909 903 atque
940 840 975 884 ea
1006 821 1093 884 ouius
1124 838 1206 882 nune
1227 818 1349 882 initium

134 931 290 994 babemus
312 931 331 1009 ς
355 915 459 992 1-8.²

226 1035 381 1114 Quoniam
403 1034 628 1098 Waebendorfii
650 1035 819 1117 opinionem
841 1052 965 1117 prorsus
988 1032 1185 1107 reieiendam,
1213 1032 1278 1095 Esii
1300 1049 1348 1094 ra-

135 1143 254 1206 tionem
276 1142 375 1204 fiunis
398 1143 587 1222 argumentis
611 1141 838 1222 comprobatam
861 1159 922 1203 non
945 1160 1011 1204 esse
1027 1139 1166 1214 vidimus,
1188 1138 1252 1202 iam
1272 1155 1350 1218 quae

136 1249 172 1312 de
196 1249 292 1312 buius
315 1248 458 1311 orationis
488 1246 681 1328 dispositione
711 1247 845 1310 iudioata
868 1249 941 1310 sunt
971 1265 989 1308 a
1013 1245 1084 1308 viris
1108 1244 1203 1308 doetis
1236 1244 1349 1308 exami-

135 1374 259 1430 nemus
284 1357 320 1417 ut
343 1354 513 1418 seeundum
535 1373 605 1417 earn
627 1352 863 1435 disputationem
887 1352 959 1434 quid
982 1352 1040 1434 ipsi
1062 1352 1099 1415 de
1114 1351 1258 1414 orationis
1281 1369 1351 1413 eon-

135 1462 255 1524 dioione
280 1479 316 1524 ao
339 1459 533 1542 dispositione
556 1459 765 1522 existimemus
788 1477 981 1540 exponamus

228 1567 336 1646 Usque
359 1566 398 1628 ad
422 1567 439 1648 ξ
464 1567 514 1640 22,
544 1564 624 1646 quod
653 1565 692 1628 ad
715 1565 893 1629 divisionem
916 1565 1053 1638 attineat,
1082 1565 1184 1627 omnia
1213 1566 1295 1627 reete
1317 1582 1348 1626 se

137 1675 252 1736 babere
283 1691 388 1736 omnes
419 1671 621 1735 eonsentient.¹
676 1673 696 1750 ξ
727 1672 809 1734 1-8
838 1659 1054 1754 ἀναγνώσεται
1084 1670 1239 1734 exordium
1269 1673 1350 1745 sunt,

138 1799 218 1862 quae
240 1779 313 1842 inde
336 1797 432 1859 nsque
456 1778 495 1840 ad
514 1780 534 1857 ξ
551 1778 590 1841 12
614 1779 759 1858 leguntur
779 1777 1042 1859 praeparationem
1065 1764 1350 1861 (npoaorooaeorjv)

139 1885 312 1959 nominent,
341 1903 413 1947 eum
441 1885 542 1947 orator
574 1884 613 1946 iis
642 1883 811 1964 legitimam
841 1883 1005 1947 aeousandi
1033 1883 1114 1945 riam
1149 1882 1254 1944 statim
1283 1883 1351 1963 post

138 1991 286 2055 iniuriam
309 1991 468 2072 aeeeptam
491 1991 664 2070 ingressum
694 2009 725 2052 se
749 2008 814 2054 esse
845 1992 982 2071 exponat.
1033 1989 1107 2052 Inde
1131 1988 1235 2070 inoipit
1257 1987 1350 2050 totius

138 2099 182 2160 rei
205 2097 353 2171 narratio,
377 2115 454 2177 quae
478 2115 574 2176 usque
598 2095 636 2158 ad
659 2097 678 2175 ξ
702 2096 741 2157 18
765 2096 928 2177 pereurrit;
959 2099 1028 2158 turn
1050 2098 1069 2174 ξ
1093 2096 1130 2158 21
1157 2096 1352 2173 argumenta

138 2204 230 2267 tionis
246 2202 370 2285 partitio
387 2203 562 2284 proponitur
582 2202 681 2265 verbis
705 2197 855 2285 ἐξελέγξω
879 2197 915 2263 δὲ
938 2197 1067 2286 πρῶτον
1087 2196 1147 2281 μὲν
1175 2186 1235 2262 ὅσα
1257 2185 1352 2275 αὖτὸς

139 2300 309 2394 ίβρίσθην,
340 2294 455 2370 ἔπειθ’
486 2295 546 2370 ὅσα
576 2297 680 2386 ὑμεῖς·
710 2298 791 2388 μετὰ
820 2304 920 2370 ταῦτα
949 2303 985 2370 δὲ
1016 2303 1071 2369 καί
1099 2297 1154 2370 τὸν
1175 2291 1294 2382 Ιίίλλον,
1325 2289 1351 2368 ὦ
1393 2330 1398 2340 ·

139 2402 251 2499 ἄνδρες
270 2402 452 2500 Ἀθηναῖοι,
481 2408 553 2496 βίον
580 2401 676 2477 αὐτοῦ
705 2403 813 2476 πάντα
836 2403 983 2492 ἐξετάσειν,
1015 2409 1071 2476 καί
1101 2406 1194 2490 δείξω
1223 2407 1353 2474 πολλῶν

140 2512 303 2599 θανάτων,
329 2507 383 2600 αίχ
407 2510 475 2596 ἑνὸς
496 2504 572 2582 ἶν’ντα
594 2504 691 2598 ίίξων.
728 2520 803 2583 Post
825 2538 902 2601 quae
925 2520 1016 2583 verba
1039 2520 1105 2601 ipsa
1128 2519 1351 2599 argumentatio

139 2629 317 2702 inoohatur,
354 2626 408 2691 sed
441 2645 539 2689 unum
569 2626 648 2706 quod
678 2626 717 2689 ad
753 2643 821 2690 eam
856 2627 1007 2708 pertineat
1042 2625 1252 2688 testimonium
1285 2644 1353 2706 pro-

139 2735 253 2809 fertur,
292 2735 391 2796 eetera
425 2733 527 2795 omnia
564 2731 682 2796 desunt.
742 2731 826 2810 Quae
854 2735 960 2795 utrum
994 2732 1032 2794 ab
1054 2734 1170 2795 oratore
1201 2751 1260 2794 non
1283 2751 1353 2795 eon·

141 2841 256 2923 seripta
287 2858 328 2902 an
357 2840 471 2902 omissa
499 2856 565 2902 esse
594 2838 756 2902 rideantur
785 2841 891 2920 postea
918 2837 1185 2902 eonsiderabimua
1234 2836 1351 2901 Deinde

139 2947 262 3010 videtur
294 2947 395 3008 orator
424 2945 554 3007 transire
588 2944 626 3007 ad
661 2945 810 3025 reliquam
840 2944 953 3007 Midiae
986 2944 1083 3007 vitam
1117 2943 1351 3007 examinandam

140 3057 160 3133 ξ
184 3055 226 3115 23
249 3051 351 3114 verbis
381 3040 488 3112 πολλὰ
515 3045 575 3130 μὲν
596 3043 707 3126 τοίνυν,
739 3033 765 3111 ὦ
794 3035 903 3134 λίνδρες
920 3036 1101 3134 Ἀθηναῖοι,
1132 3045 1188 3111 καὶ
1211 3047 1287 3132 περὶ
1310 3029 1353 3111 ὧν

142 3148 217 3234 τοὺς
239 3143 356 3231 ίίλλαις
377 3142 525 3242 ἠδίκηκεν
548 3149 608 3234 ἔχω
631 3153 741 3240 λέγειν,
767 3143 877 3240 ὥσπερ
898 3145 993 3219 εἶπαν
1016 3152 1049 3217 ἑν
1071 3143 1148 3242 ἀρχῇ
1170 3151 1226 3217 ταῦ
1247 3145 1350 3238 λόγοιν,

142 3261 198 3327 καὶ
220 3257 385 3342 σιννείλαχα
407 3248 512 3345 ὕβρεις
534 3249 629 3324 αὐτοῦ
651 3259 707 3325 καί
729 3248 861 3342 ἆτιμίας
891 3252 1049 3338 τασαίτας
1072 3249 1150 3338 ὅσας
1171 3248 1353 3323 είκαίσεσθε

143 3357 259 3434 αὐτίκα
282 3360 321 3454 δὴ
343 3358 441 3449 μάλα,
465 3368 517 3432 sed
532 3369 631 3432 verbis
654 3369 884 3449 insequentibus
907 3358 1063 3450 βαίλαμαι
1086 3364 1123 3430 δὲ
1146 3357 1211 3452 πρὸ
1233 3357 1353 3430 τούτων

142 3471 249 3540 εἰπεῖν
272 3460 321 3550 οἷς
345 3464 559 3560 ἐπιχειρήσειν
581 3461 674 3536 αὐτὸν
695 3461 819 3560 ἀκήκοα
843 3469 1008 3552 ἐξαπατᾶν
1029 3463 1110 3555 ὑμᾶς
1125 3496 1154 3535 κ.
1172 3497 1199 3535 τ.
1216 3471 1244 3536 λ.
1262 3475 1352 3537 antea

142 3602 180 3648 ea
213 3601 246 3646 se
277 3581 500 3664 propositurum
531 3600 596 3644 esse
625 3580 699 3643 dieit
727 3581 838 3662 quibus
860 3580 970 3668 Midias
993 3580 1107 3644 iudioee
1137 3580 1240 3644 fallere
1262 3599 1352 3643 aona-

142 3693 233 3753 tnrus
257 3687 306 3751 sit.
352 3685 420 3750 Iam
442 3686 615 3750 refutantur
636 3687 781 3749 nonnulla
810 3686 854 3750 rei
877 3690 1058 3766 argumenta
1081 3688 1098 3769 ᾗ
1122 3686 1261 3761 24-41,
1284 3688 1351 3748 tum

143 3797 341 3868 autemnon,
364 3796 400 3856 ut
421 3793 606 3874 promissum
629 3794 676 3856 eet
698 3794 717 3871 ξ
741 3794 792 3867 23,
822 3791 933 3856 Midiae
956 3793 1094 3875 reliquae
1116 3792 1353 3856 iniuriaerenar-

143 3909 262 3975 rantur,
286 3898 339 3962 sed
363 3901 534 3979 sequuntur
556 3899 616 3962 alia
645 3899 683 3961 ab
712 3899 769 3961 hae
797 3917 830 3961 re
852 3896 1039 3962 alienissima
1062 3901 1081 3978 ξ
1103 3898 1263 3972 42-127,
1274 3898 1297 3982 1)
1322 3899 1353 3961 et

235 4093 254 4158 1)
273 4091 338 4144 Inde
356 4107 372 4144 a
389 4093 404 4158 ᾗ
422 4089 527 4143 42-50
545 4090 577 4142 de
596 4088 750 4143 insolentiae
769 4083 888 4159 (ὕβρεως)
907 4105 991 4155 poena
1015 4090 1109 4159 agitur,
1135 4092 1149 4157 ξ
1168 4089 1271 4142 51-69
1290 4088 1351 4141 reli-

143 4181 250 4250 gionem
269 4179 367 4233 laesam
385 4195 441 4232 esse
461 4178 619 4246 ostenditur,
644 4181 658 4248 ξ
678 4178 781 4232 70-76
799 4177 919 4246 exempla
949 4178 1087 4246 superbiae
1112 4177 1227 4247 graviter
1245 4177 1352 4245 punitae

143 4269 321 4338 proferuntur,
339 4266 487 4336 §rr-125
506 4267 634 4334 quomodo
653 4266 714 4320 iliae
733 4267 801 4319 inter
812 4265 1016 4319 Demosthenem
1035 4268 1061 4319 et
1072 4266 1183 4319 Midiam
1195 4264 1352 4319 inimicitiae

145 4359 218 4411 ortae
236 4356 291 4409 sint
308 4371 426 4425 quaeque
443 4355 577 4422 praeterea
594 4371 656 4408 reus
668 4355 696 4406 in
709 4356 836 4408 oratorem
849 4354 999 4422 peccaverit
1011 4353 1167 4422 explieatm,
1185 4354 1351 4421 §126-127
