3142 4834
725 256 766 318 39

141 471 237 532 retur.
284 469 385 531 Altero
408 468 496 531 modo
519 469 620 550 ipsum
642 468 773 531 violatae
802 465 954 547 religionis
982 467 1097 530 crimen
1126 467 1171 531 ita
1201 467 1347 548 explicare

142 576 263 656 poterat
285 577 320 637 ut
340 577 460 656 praeter
481 575 664 654 gravitatem
692 573 893 637 contumehae
924 572 981 636 sibi
1011 572 1170 654 impositae
1192 573 1296 636 locum
1317 576 1349 637 et

134 683 266 762 ‘tempus
296 679 366 744 festi
397 699 434 743 ea
464 699 496 744 rc
526 679 695 761 perturbati
723 681 988 760 contemptumque
1020 678 1140 759 choregi
1168 677 1349 758 dignitatem

145 787 305 868 praecipue
329 788 468 867 spectans
491 786 578 850 nefas
601 785 800 849 commissum
828 783 987 848 denotaret
1015 802 1111 866 eaque
1140 784 1256 848 ratione
1277 783 1349 848 inde

146 892 184 954 ab
206 892 293 955 initio
316 894 414 955 totam
436 892 734 973 argumentationem
756 890 795 953 ad
809 890 909 971 ipsam
924 891 1041 953 laesam
1056 888 1234 970 religionem
1249 893 1349 954 osten-

146 997 279 1062 dendam
300 1000 428 1080 aptaret.
474 997 535 1062 Sed
556 1000 666 1061 neuter
688 995 924 1077 argumentandi
946 996 1055 1060 modus
1077 996 1109 1060 in
1136 996 1193 1060 hac
1216 997 1348 1060 oratione

144 1105 234 1186 plane
256 1105 433 1168 observatus
456 1108 511 1168 est.
556 1104 664 1184 ltaque
693 1121 729 1167 111
756 1103 851 1184 ipsius
880 1121 992 1166 causae
1014 1103 1125 1166 natura
1148 1104 1178 1166 ct
1200 1102 1345 1166 orationis

145 1210 291 1274 divisione
315 1210 522 1293 quaerendum
552 1211 599 1273 cst
625 1211 729 1273 utram
756 1208 906 1273 rationem
928 1208 1149 1272 Demosthenes
1171 1209 1347 1272 instituerit.

143 1317 192 1380 De
214 1315 375 1398 partitione
398 1320 503 1380 autem
525 1315 689 1380 videndum
711 1317 758 1379 est
774 1325 839 1395 'quo
864 1316 978 1396 spectet
992 1316 1012 1394 ξ
1028 1314 1067 1376 21
1092 1315 1166 1378 extr.
1183 1300 1244 1376 ὅσα
1259 1302 1349 1396 ὑμεῖς

145 1411 445 1508 (1111.ὖβρίσθητε).
491 1420 579 1501 Quod
608 1421 645 1486 ad
675 1422 777 1485 omnia
798 1420 910 1485 Midiae
940 1422 1055 1484 seelera
1083 1421 1117 1484 in
1148 1421 1347 1486 Athenienses

147 1530 316 1594 commissa
337 1528 441 1594 referri
463 1528 578 1615 nequit,
602 1527 744 1608 quoniam
760 1527 853 1591 etiam
866 1526 898 1590 in
914 1545 950 1590 11
964 1528 1050 1608 parte
1073 1544 1133 1608 qna
1148 1527 1265 1607 rehqua
1283 1528 1347 1592 eius

141 1636 209 1700 vita
232 1634 412 1698 describitur
440 1635 571 1716 plurima
593 1633 760 1698 affemntur
788 1631 918 1714 quaein
946 1632 1147 1696 Athenienses
1178 1631 1346 1714 deliquerit,

141 1743 182 1805 ut
202 1741 266 1822 ipse
288 1742 465 1822 praemonet
492 1742 512 1820 ξ
536 1740 597 1802 129
621 1758 685 1820 sqq.
716 1739 815 1803 verbis
843 1734 908 1800 νυνὶ
935 1733 972 1800 δὲ
1000 1724 1127 1801 τοσαῦτ’
1152 1733 1222 1801 ἐστὶ
1247 1724 1348 1801 atara

142 1830 166 1910 ἃ
191 1835 330 1921 πολλοὺς
352 1834 439 1926 ὑμῶν
459 1831 590 1931 ήδίκηκε
619 1841 675 1907 καί
703 1840 835 1908 τοιαῦτα
858 1830 940 1906 ὥστε
966 1833 1079 1906 τοότου
1097 1839 1158 1924 μὲν
1178 1839 1234 1907 τοῦ
1257 1840 1348 1921 δέους

143 1939 372 2038 οίπήλλαγμαι,
403 1946 567 2037 φοβοῦμαι
596 1946 633 2013 δὲ
664 1941 764 2013 πόλιν
793 1936 973 2014 τούναντίον
1000 1939 1053 2036 μή,
1084 1940 1217 2013 ἐπειδὰν
1240 1941 1347 2014 πολλὰ

143 2055 203 2122 καὶ
234 2047 321 2120 δεινὰ
352 2051 476 2141 ἑτέρους
503 2043 641 2142 ἇκυόηθ
670 2043 726 2119 ὑπ’
754 2043 849 2120 111τοῦ
876 2045 1105 2134 πεπονθότας,
1133 2046 1277 2133 τοιοῦτός
1298 2079 1348 2133 τις

144 2153 221 2244 ipio
241 2153 395 2248 λογισμὸς
418 2158 544 2248 ἐμπέσῃ
561 2211 568 2224 .
587 2211 594 2224 .
612 2209 645 2224 ..
670 2155 740 2225 ἔστι
769 2158 926 2225 δὲταῦτα
948 2151 1146 2225 παντοδαπὰ
1167 2158 1223 2224 καί
1243 2149 1348 2247 ίίβρεις

148 2266 267 2331 πολλαί
290 2265 346 2332 καί
369 2265 444 2352 περὶ
466 2259 539 2344 τοὺς
562 2262 699 2344 οἰκείους
714 2257 959 2354 κακουργήματα
980 2265 1036 2330 καί
1059 2265 1134 2353 περὶ
1156 2258 1230 2344 τοὺς
1251 2258 1348 2346 θεοὺς

65 2457 67 2462 Ι
148 2360 334 2460 ἇσεβήματοι
350 2423 357 2436 .
375 2422 383 2437 .
401 2421 434 2436 ..
467 2361 527 2437 ὅσα
555 2369 614 2456 μὲν
642 2368 770 2437 τοίνυν.
790 2421 797 2436 .
816 2421 849 2436 ..
877 2363 932 2437 τὸν
954 2359 1004 2437 uisi
1032 2360 1239 2458 προστυχόντ’
1262 2361 1349 2460 αὐτῷ

146 2474 318 2566 πεποίηκε,
341 2466 429 2543 ταῦτ’
446 2474 555 2543 ἐστίν.
574 2528 581 2542 .
599 2529 607 2542 .
625 2529 632 2542 .
649 2464 739 2559 όίξιον
753 2466 782 2542 δ
798 2474 878 2543 ίδεῖν
901 2466 952 2567 ἐφ’
970 2467 1045 2542 {loos
1067 2469 1267 2567 φρονήματος
1289 2466 1348 2568 ήδη

145 2577 347 2672 προελήλυθε
368 2581 414 2671 τῷ
433 2575 553 2650 τοότων
582 2580 673 2672 δίκην
698 2575 831 2672 μηδενὸς
861 2582 1042 2649 δεδωκέναι.
1075 2572 1111 2648 οὗ
1140 2576 1199 2672 γὰρ
1229 2575 1346 2672 ἡγεῖθ’,

145 2680 190 2768 ὡς
213 2688 285 2773 ἐμοί
309 2689 406 2770 δοκεῖ,
430 2681 577 2776 λαμπρὸν
599 2679 672 2754 οὐδὲ
694 2681 835 2754 νεανικὸν
857 2678 923 2755 οὐδ’
939 2677 1028 2770 όίξιον
1050 2681 1193 2756 θανάτου
1216 2681 1233 2756 δ’
1255 2716 1288 2756 τι
1309 2680 1348 2758 όίν

145 2820 197 2873 τις
218 2787 302 2882 πρὸς
324 2793 378 2860 ἕνα
399 2785 446 2873 εἷς
468 2788 713 2884 διαπράττηται,
734 2783 803 2860 ἀλλ’
826 2791 854 2860 εἰ
876 2787 920 2883 μή
942 2787 1040 2884 φυλήν
1063 2785 1136 2884 ὅλην
1157 2796 1213 2861 καί
1233 2790 1348 2887 βουλήν

145 2901 201 2966 καὶ
225 2898 322 2979 ἔθνος
343 2901 563 2990 προπηλακιεῖ
584 2901 640 2966 καί
662 2893 801 2979 πολλοὺς
816 2892 958 2987 ἁθρόους
972 2891 1059 2985 δμιῖιν
1073 2891 1141 2985 δι’μα
1157 2900 1221 2992 ἐλᾷ,
1245 2891 1347 2988 οίβίω-

143 3031 200 3074 τον
222 2995 292 3094 η’ίετ)
317 3003 454 3072 ἔσεσθαι
474 2999 529 3071 τὸν
550 3003 622 3090 βίον
646 2997 740 3094 αὑτῷ.
762 3006 818 3072 καί
848 2999 889 3072 τὰ
917 3006 976 3090 μὲν
997 2994 1079 3072 data
1106 3006 1224 3073 σιωπῶ
1250 3005 1348 3098 μυρία

144 3109 251 3178 εἰπεῖν
274 3109 360 3194 ἔχων,
384 3111 459 3199 περί
482 3111 518 3178 δὲ
540 3110 603 3177 τῶν
625 3110 942 3199 συστρατευσαμένων
965 3107 1096 3178 ἱππέων
1117 3110 1163 3192 εἰς
1177 3101 1348 3202 Ἄργουραν

144 3213 214 3284 ἰ’στε
237 3210 343 3307 δήπου
363 3211 482 3297 πάντες
505 3208 558 3284 οἷα
581 3209 793 3308 ἐδημηγόρησε
814 3207 892 3307 παρ’
908 3209 981 3302 ὑμῖν
997 3269 1004 3283 .
1022 3269 1029 3283 .
1047 3269 1054 3284 .
1073 3269 1081 3284 .
1097 3211 1153 3284 τόν
1174 3213 1213 3308 δή
1234 3213 1347 3286 τοσοό-

144 3349 214 3402 τοις
235 3315 372 3412 ἁθρόοις
393 3321 456 3390 τῶν
476 3322 620 3389 πολιτῶν
642 3321 764 3411 ἔχθραν
786 3313 840 3389 ἐπ)
865 3313 966 3391 addivi
986 3317 1174 3413 τηλικαότην
1195 3317 1350 3414 ὀρόμενον

145 3423 233 3518 πόση
257 3427 394 3518 πονηρίᾳ
415 3430 471 3495 καί
494 3423 672 3519 θρασίτητι
693 3428 793 3495 ταῦτα
812 3424 868 3519 χρή
883 3428 1022 3514 νομίζειν
1044 3423 1214 3519 πρόττειν;
1238 3434 1347 3516 Itaque

145 3559 181 3605 ea
201 3538 376 3604 indicantur
397 3539 507 3620 quibus
531 3539 624 3603 simul
645 3558 717 3603 oum
739 3539 954 3603 Demosthenis
977 3540 1175 3604 insultatione
1198 3541 1232 3604 in
1253 3541 1348 3605 Athe-

144 3647 274 3721 nienses,
296 3646 430 3709 maxime
453 3645 486 3708 in
507 3645 634 3709 tribules
659 3643 709 3727 (cf.
732 3646 807 3725 §19
830 3636 871 3708 τὰ
892 3641 952 3726 μὲν
974 3628 1026 3708 οὖν
1047 3639 1095 3722 εἰς
1117 3641 1174 3726 ἐμὲ
1197 3636 1347 3723 καὶτοὺς

144 3747 284 3838 φυλέτας
310 3736 505 3837 ἠσελγημένα
526 3799 533 3813 .
551 3798 609 3813 ...
632 3737 719 3813 ταῦτ’
750 3744 860 3834 ἔστιν),
882 3752 1047 3815 insolenter
1076 3770 1108 3815 11
1130 3753 1234 3832 gessit.
1278 3751 1346 3815 Iam

143 3877 213 3921 vero
235 3858 334 3938 magis
357 3858 520 3921 verisimile
548 3857 625 3921 mihi
648 3856 767 3920 videtur
795 3875 861 3920 esse
889 3857 1127 3922 Demosthenem
1148 3877 1202 3939 pro
1225 3877 1346 3923 summa

145 3964 419 4044 argumentationis
441 3964 516 4028 illud
537 3964 681 4027 habuisse
703 3965 739 4027 ut
760 3963 937 4044 religionem
959 3964 1077 4027 laesam
1092 3983 1157 4028 csse
1175 3964 1346 4029 ostenderet

144 4071 271 4151 eiusque
293 4070 337 4133 rei
360 4089 452 4134 causa
474 4070 511 4134 de
534 4069 674 4151 snperbia
696 4087 757 4152 qua
778 4068 890 4133 Midias
912 4089 944 4134 se
966 4073 998 4133 et
1018 4070 1219 4134 Athenienses
1242 4073 1346 4134 contu-

143 4177 237 4240 melia
260 4176 409 4241 affecisset
429 4176 566 4240 locutum
589 4195 663 4240 esse.
710 4174 791 4239 Nam
818 4175 863 4239 ita
892 4176 1017 4239 demum
1040 4195 1161 4240 summa
1185 4194 1346 4258 argumen-

143 4282 269 4346 tationis
291 4282 330 4345 ad
353 4282 449 4364 ipsius
471 4300 581 4346 causae
604 4283 703 4364 caput,
727 4281 807 4362 quud
826 4281 865 4345 ad
887 4281 1075 4363 impietatem
1091 4283 1230 4364 pertinet,
1254 4282 1345 4365 aptis·
