3142 4834
813 290 854 350 22

233 500 418 562 seutentiam
440 503 476 564 ut
499 503 598 562 orator
621 500 806 580 implacabili
823 500 854 562 in
869 499 997 562 Midiam
1013 501 1079 564 odio
1095 502 1239 582 impletus
1255 523 1322 566 esse
1338 503 1438 566 videa·

231 608 291 680 tur,
314 606 367 668 sed
390 624 425 669 er
448 606 465 688 ᾗ
488 607 530 668 20
558 605 589 669 id
618 625 678 668 non
701 605 907 686 cognoscitur;
938 626 973 668 er
1006 609 1103 670 altera
1124 613 1210 688 parte
1232 627 1332 689 noque
1355 611 1373 691 q*
1397 612 1438 671 23

232 729 329 791 neque
352 712 369 793 ξ
395 712 456 775 137
481 711 658 793 exprimitur
688 731 759 774 eum
784 712 864 775 iram
893 712 1063 786 remisisse;
1094 713 1141 776 his
1164 714 1246 777 enim
1276 733 1337 777 non
1360 715 1440 778 vitu-

231 820 318 898 perat
340 817 463 899 quidem
485 836 535 880 eos
559 818 630 899 qui,
655 818 795 898 quamvis
819 837 837 881 a
860 817 955 880 Midia
978 819 1076 882 vexati
1099 820 1222 894 fuerint,
1245 820 1350 884 tamen
1374 820 1439 884 eius

233 922 371 985 animum
394 922 451 986 sihi
474 923 741 998 reconciliaverint,
762 923 815 987 sed
837 942 873 987 ea
894 943 926 987 re
948 943 1009 987 non
1030 925 1184 988 indicatur
1204 926 1236 989 id
1251 926 1333 1006 quod
1347 926 1441 989 Esius

232 1029 307 1104 vult,
330 1025 545 1093 Demosthenis
568 1029 707 1092 animum
730 1029 813 1092 haud
829 1030 965 1093 alienum
988 1031 1082 1094 fuisse
1105 1031 1234 1094 aMidia
1256 1032 1314 1095 sibi
1335 1052 1443 1096 recou-

233 1135 370 1211 ciliandq
394 1134 537 1216 quoniam
560 1138 660 1199 orator
689 1154 810 1198 omnem
839 1135 1112 1200 reconciliationem
1143 1157 1175 1201 se
1204 1157 1344 1220 spernere
1367 1158 1441 1220 prae

235 1260 267 1304 se
290 1241 367 1305 ferre
389 1261 450 1304 non
474 1241 613 1304 debebat.
644 1241 751 1322 Neque
763 1261 867 1305 revera
888 1243 949 1305 ullo
972 1244 1065 1305 totius
1082 1244 1224 1306 orationis
1247 1244 1320 1318 loco,
1344 1263 1442 1325 quan-

232 1350 301 1410 tum
324 1347 401 1422 scio,
424 1347 490 1410 illos
519 1348 722 1430 reprehendit.
767 1347 848 1411 Nam
879 1348 957 1429 quod
986 1348 1077 1412 llsius
1106 1350 1189 1431 §20
1220 1351 1251 1412 et
1275 1351 1335 1412 151
1367 1370 1441 1414 eum

232 1454 428 1517 vehementer
458 1453 642 1536 increpuisse
674 1453 748 1517 dicit
774 1454 806 1516 in
834 1454 916 1528 illos,
948 1455 1088 1536 equidem
1118 1456 1241 1518 omnino
1269 1475 1330 1519 non
1354 1457 1441 1521 video

235 1559 345 1641 quihus
368 1560 467 1623 verbis
490 1562 544 1623 aut
567 1579 627 1641 qua
655 1580 687 1624 re
716 1579 752 1624 ea
773 1561 953 1642 vituperatio
982 1563 1181 1625 contineatur.
1229 1562 1328 1627 Verba
1357 1565 1441 1627 enim

234 1655 1442 1755 wmhfflmm§2ffiiffmffiumw„..wiwmipokuffl

233 1761 452 1834 πεπονθότων
475 1763 506 1834 oi
528 1768 595 1853 μέν,
620 1755 776 1857 ὦῖἰνδρες
798 1767 959 1850 δικασταί,
984 1767 1229 1849 καταδείσαντες
1250 1770 1438 1855 τοῦτονκαὶ

232 1867 270 1940 τὸ
297 1866 410 1940 coiaco
438 1868 563 1962 θράσος
593 1874 648 1940 ναὶ
670 1869 744 1953 τοὺς
766 1875 842 1962 περὶ
865 1864 959 1940 αὐτὸν
983 1873 1126 1964 ἑταίρους
1148 1875 1203 1942 καὶ
1227 1877 1367 1942 πλοῦτον
1383 1879 1439 1943 καὶ

232 1968 333 2046 atillo
356 1973 394 2069 δὴ
418 1970 479 2046 ὅσα
501 1974 657 2069 πρόσεστι
678 1974 790 2068 τούτῳ,
815 1972 945 2070 ἡσυχίαν
965 1978 1065 2064 ἔσχον,
1090 1978 1119 2046 oi
1137 1971 1166 2047 ὁἆ
1184 1977 1441 2072 ἐπιχειρήσαντες

233 2076 1439 2176 Μψὼῷωσωηωῳπωαωδωὼώωωμωῄω-

233 2185 379 2258 τελεῖν(
362 2217 451 2280 oyoop
438 2217 537 2276 μενοι.
567 2185 624 2282 τὴν
651 2193 711 2277 μὲν
740 2219 793 2258 σιν
823 2185 904 2280 ὑπὲρ
940 2187 1041 2258 (τιτῶν
1069 2192 1203 2284 δίκην
1191 2216 1361 2278 εχσισινσ
1344 2198 1378 2261 οἳ
1406 2221 1441 2282 γε

234 2299 435 2378 πεισθέντες·
459 2298 515 2388 τῆς
538 2288 667 2387 δ’(σπὲρ
688 2325 752 2364 των
774 2291 886 2383 νόμων,
912 2325 966 2378 ους
988 2294 1140 2388 παραβὰς
1163 2295 1254 2380 οὗτος
1275 2291 1441 2382 κάκείνοις
1474 2319 1478 2324 “

232 2393 1440 2496 dwmmmmmwmmqmmfflffl

231 2537 288 2595 μοι
311 2515 387 2577 nihil
409 2515 558 2596 opprobrii
582 2515 658 2578 mihi
687 2515 828 2578 videntur
850 2514 977 2591 habere,
1009 2519 1040 2580 et
1070 2517 1087 2598 ξ
1113 2517 1172 2580 151
1198 2516 1272 2579 nihil
1296 2521 1441 2581 narratur

231 2621 289 2683 nisi
320 2620 436 2702 aliquot
468 2620 605 2684 homines
634 2621 872 2685 Demosthenem
902 2620 1077 2684 adhortatus
1118 2641 1183 2687 esse
1217 2626 1253 2685 ut
1288 2623 1440 2687 actionem

233 2727 407 2790 institutam
430 2730 544 2790 temere
573 2729 665 2808 atque
691 2727 844 2790 inutiliter
870 2729 1010 2809 persequi
1032 2727 1206 2805 desisteret,
1229 2748 1329 2810 neque
1353 2729 1439 2811 qnid-

234 2851 327 2913 quam
350 2833 581 2914 vituperationis
604 2833 653 2897 hic
676 2834 761 2896 locus
783 2833 883 2896 habet.

321 2938 480 3002 Praeterea
501 2939 628 3022 ustum)
652 2938 805 3002 contendit
827 2939 844 3020 ξ
869 2939 1040 3002 143-150
1060 2957 1165 3023 ¹neque
1187 2959 1258 3003 cum
1282 2942 1441 3022 superiori-

235 3046 292 3109 bus
314 3063 413 3126 neque
436 3063 507 3107 cum
531 3045 730 3126 sequentibus
754 3046 928 3120 cohaerere,
951 3064 1022 3108 cum
1045 3045 1118 3127 quid
1141 3065 1215 3128 opus
1239 3046 1278 3110 sit
1300 3066 1337 3110 ea
1359 3066 1441 3111 oom-

233 3151 388 3234 paratione
421 3149 497 3231 (scil.
477 3150 686 3215 lMidiaeet
673 3151 885 3236 tAlcibiadis)
917 3154 985 3234 post
972 3151 1223 3215 tbrevissimam
1247 3172 1325 3234 quae
1354 3173 1442 3235 prae-

233 3275 339 3338 gressa
361 3257 402 3320 sit
423 3256 637 3320 refutationem
667 3256 697 3338 (ᾖ
722 3257 833 3320 141-
793 3257 918 3342 -142)
948 3257 1029 3321 haud
1057 3258 1251 3340 perspicuum
1275 3259 1315 3322 sit
1341 3279 1441 3341 neque

233 3363 333 3444 magis
354 3381 432 3444 quae
461 3362 602 3445 proxime
625 3367 796 3444 sequantur
822 3382 894 3427 cum
922 3364 974 3426 illa
1004 3368 1089 3446 parte
1073 3365 1306 3429 etcohaerean.
1285 3365 1441 3444 tQuod

234 3487 432 3552 quamquam,
455 3471 491 3531 ut
511 3471 616 3551 postea
638 3468 816 3545 videbimus,
841 3489 895 3534 suo
916 3470 981 3533 iure
1004 3470 1167 3546 contendit,
1190 3473 1294 3534 tamen
1317 3472 1441 3536 adeius

234 3574 417 3640 sententiam
448 3575 704 3657 comprobandam
732 3575 809 3638 nihil
830 3577 924 3652 valet3
953 3594 1027 3640 nam
1055 3577 1134 3640 hanc
1162 3577 1344 3658 particulam
1372 3582 1442 3661 post

234 3681 251 3764 ᾖ
277 3681 339 3744 170
363 3680 466 3744 sedern
489 3699 579 3744 suam
601 3681 713 3745 habere
735 3684 840 3763 postea
863 3683 1131 3747 demonstrabitur.

321 3786 439 3851 Deinde
461 3786 585 3850 offendit
600 3785 690 3850 Dsius
703 3787 728 3870 ²)
750 3787 783 3850 in
806 3807 840 3852 eo
863 3789 942 3870 quod
965 3789 997 3852 in
1019 3790 1078 3852 hae
1092 3789 1225 3852 oratione
1246 3787 1344 3852 tribus
1367 3791 1441 3854 loeis

233 3896 325 3975 atque
347 3892 457 3957 iisdem
479 3893 578 3957 verbis
601 3893 637 3957 de
653 3893 765 3958 Midiae
781 3894 893 3959 divitiis
916 3895 1097 3959 disseratur:
1121 3895 1218 3976 §138
1242 3884 1279 3956 τὸ
1302 3885 1360 3980 γὰρ
1384 3885 1440 3957 ἐπ’

235 3994 380 4078 ἐξουσίας
402 3995 459 4062 καὶ
481 3989 621 4062 πλούτου
636 3990 773 4086 πονηρὸν
794 3989 877 4063 εἶναι
899 3997 954 4064 καὶ
977 3989 1125 4086 ὑβριστὴν
1146 3991 1249 4081 τεῖχός
1273 3997 1342 4063 ἐστι
1357 3992 1443 4086 πρὸς

323 4265 343 4333 ¹)
361 4263 390 4318 L.
409 4263 427 4318 l.
446 4281 472 4333 p.
492 4263 603 4318 37-38.

322 4354 343 4422 ⁹)
361 4352 391 4407 L.
409 4352 426 4408 l.
443 4371 468 4422 p.
488 4351 600 4408 38-39.
