3142 4834
708 279 748 342 35

118 489 192 553 inde
209 509 229 554 a
244 489 262 572 ξ
279 490 341 553 205
358 509 394 555 ea
410 490 519 571 quibus
535 490 647 554 Midiae
664 491 764 575 amioi,
780 490 914 572 primum
929 490 1068 556 Eubulus
1085 490 1116 572 (ξ
1129 492 1326 575 205-207),

118 599 192 659 tum
202 596 402 680 (208-225)
414 597 504 661 ueteri
514 596 622 661 divites
632 597 697 660 eius
710 596 837 671 sodales,
848 598 932 660 velut
939 595 1133 680 Philippides,
1145 597 1331 662 Mnesarchi·

120 703 186 778 dee,
199 702 365 777 metimus,
379 702 439 778 alii,
454 703 481 766 ei
492 703 711 784 patrocinatori
724 703 785 766 sint
796 706 1040 784 praesumuntur.
1060 703 1108 766 Ad
1120 722 1249 784 quorum
1261 704 1332 767 ulti-

120 829 214 872 mum
229 811 323 890 eaput
345 808 438 872 etiam
454 827 489 874 ea
504 808 653 891 pertinere
669 827 748 890 quae
767 810 786 888 ξ
802 808 973 872 219-225
988 810 1131 932 leguntur
1146 809 1252 873 statim
1265 829 1333 892 per-

123 916 244 998 spioies,
270 915 518 994 slverba5213
540 902 631 995 ὗμεῖς
652 903 786 999 δπὲρι
755 903 843 996 ὑμῶν
865 900 966 977 αὐτῶν
988 912 1044 977 καί
1065 911 1129 977 τῶν
1150 905 1254 996 νόμιον
1275 912 1332 978 καί

123 1018 204 1103 ἐμοῦ
226 1017 283 1084 τοῦ
307 1008 359 1108 ἐφ’
380 1009 463 1101 ὑμᾶς
484 1009 767 1106 καταπεφευγότος
789 1010 995 1083 σπουδάσατε
1017 1039 1237 1103 comparavens
1260 1041 1332 1084 eum

121 1121 351 1208 §219sq‘su
373 1113 467 1189 δὲ
433 1147 489 1189 ουκ
513 1120 615 1207 ἕμδ”
594 1147 736 1202 ετυπτεν,
756 1149 787 1188 οι
773 1109 912 1211 ανδρες
925 1112 1105 1212 Αθηναιοι,
1125 1116 1225 1245 μόνον
1241 1148 1333 1202 ουτος

123 1219 226 1296 σεδ
207 1219 375 1317 ὕβριζε
337 1254 375 1318 τῃ
398 1227 525 1318 διανοίᾳ
547 1222 619 1294 τότε
641 1228 747 1295 ποιεῖν
767 1221 821 1295 οἷα
844 1227 959 1310 ἐποίει,
983 1219 1064 1296 άλλὰ
1085 1221 1211 1308 πάντας
1240 1221 1333 1308 όσους

121 1361 186 1425 περ
209 1362 249 1402 αν
272 1331 378 1458 οίηταί
399 1360 450 1414 τις
471 1319 564 1424 ίμτον
586 1333 664 1420 ἑμου
685 1327 846 1401 δάνασθαι
869 1326 1004 1424 δίκηνς
987 1333 1071 1422 νπὲρ
1101 1326 1202 1401 αυτῶν
1223 1337 1334 1420 λαβεῖν

145 1431 318 1509 ...οἰλλΗ
308 1432 383 1507 όταν
403 1433 451 1520 εἷς
472 1433 627 1508 δπαθών
640 1434 684 1529 μὴ
703 1433 785 1530 λάβη
800 1439 899 1530 δίκην,
922 1430 1034 1507 τόθ’α
1015 1462 1151 1507 εκαστον
1165 1431 1259 1507 αυτὸν
1275 1435 1331 1531 χρὴ

120 1547 314 1637 προσδοκᾶν
335 1540 389 1613 τὸν
411 1547 540 1635 πρῶτον
566 1539 647 1632 μετὰ
672 1539 759 1612 ταῦτ’
783 1535 1012 1636 ἀδικησόμενον
1042 1540 1252 1636 γενήσεσθαι,
1276 1547 1332 1612 καί
1430 1541 1435 1548 ’

122 1648 169 1744 μὴ
190 1653 336 1742 παρορᾶν
357 1647 553 1735 τὰτοιαῦτα,
577 1642 651 1742 μηδ
669 1641 722 1742 ἐφ’
740 1645 850 1718 ἑαυτὸν
865 1651 974 1718 ἐλθεῖν
989 1652 1179 1741 περιμένειν,
1203 1641 1271 1718 ἄλλ’
1289 1644 1334 1731 ὡς

126 1761 166 1826 ἐκ
193 1757 348 1826 πλείστου
376 1752 599 1849 φυλάττεσθαι
743 1759 800 1823 καί
829 1751 887 1845 γὰρ
918 1747 995 1824 αὐτὸ
1021 1757 1114 1824 τοῦτο
1144 1755 1173 1824 εί
1201 1756 1333 1824 θέλοιτε

127 1870 265 1932 σκοπεῖν
284 1864 341 1930 καί
366 1864 476 1954 ζητεῖν,
499 1864 545 1953 τῷ
567 1853 644 1929 ποτ)
667 1861 749 1930 εἰσίν
770 1855 857 1947 ὑμῶν
879 1859 910 1929 οῖ
931 1852 982 1929 άεί
1004 1857 1188 1944 δικάζοντες
1209 1861 1332 1951 ἰσχυροί

123 1971 181 2038 καί
202 1964 309 2058 κάριοι
330 1969 393 2037 τῶν
416 1970 449 2036 ἒν
468 1969 508 2058 τῇ
530 1963 625 2036 π’λει
648 1963 787 2051 πάντων,
805 2021 812 2035 .
830 2021 838 2034 .
856 2020 888 2035 ..
912 1959 1025 2057 εὕροιτ’
1049 1959 1088 2035 dv
1116 1957 1186 2036 σάτε
1215 1969 1262 2058 τῷ
1289 1963 1330 2035 τὰ

123 2067 250 2161 σώματ’
275 2065 391 2165 άριστα
414 2074 494 2159 ἕλξειν
511 2127 517 2142 .
536 2128 543 2142 .
562 2128 569 2142 .
587 2128 606 2157 .,
630 2065 711 2142 άλλὰ
727 2075 765 2164 τῇ
786 2075 849 2141 τῶν
870 2068 974 2159 νόμιον
995 2069 1104 2158 ἰσχύϊ.
1122 2126 1130 2141 .
1148 2127 1181 2141 ..
1204 2073 1254 2154 τίς
1266 2062 1330 2152 doio

122 2177 143 2274 ἡ
160 2176 295 2268 δίναμις
317 2172 419 2248 οὔτῶν
442 2185 518 2268 (soil.
534 2181 597 2248 τῶν
612 2175 728 2268 νόμων)
751 2179 854 2262 ἐστιν,·
876 2172 965 2266 ὑμεῖς
981 2174 1035 2247 ἐὰν
1048 2180 1205 2267 βεβαιῶτε
1222 2171 1334 2260 αὐτοὺς

123 2290 182 2355 καί
204 2287 365 2378 παρέχητε
387 2286 512 2376 κυρίους
534 2277 584 2354 uiui
606 2287 652 2375 τῷ
667 2287 807 2374 δεομένῳ
823 2337 830 2351 .
849 2338 855 2351 .
874 2288 974 2353 ..δεῖ
996 2286 1100 2353 τοίνυν
1114 2280 1240 2366 τούτοις
1255 2293 1332 2375 βοη-

123 2400 201 2462 θεῖν
223 2386 344 2480 ὃμοίως
366 2383 476 2483 ὥσπερ
498 2383 536 2460 dv
564 2385 649 2482 αὑτῷ
676 2419 726 2472 τις
754 2383 952 2480 άδικουμίνῳ
980 2393 1036 2459 καί
1064 2386 1104 2459 τὰ
1134 2393 1198 2459 τῶν
1225 2386 1333 2520 νὸμμν

122 2491 311 2590 άδικηματα
332 2524 424 2566 κοινα
414 2493 584 2584 νομιζειν
591 2551 598 2580 ,
624 2489 681 2621 ²o’op
706 2490 779 2565 σ’του
801 2523 863 2587 περ
885 2523 924 2564 αν
945 2493 1153 2627 λαμβάνηται,
1177 2499 1233 2564 καί
1254 2523 1334 2588 μητε

123 2605 323 2694 λειτουργίας
347 2632 423 2729 μητ
413 2595 534 2672 ελεον
561 2631 624 2694 μητ
624 2594 756 2726 άνδρα
783 2604 904 2694 μηδένα
932 2598 1011 2727 μήτε
1040 2605 1161 2694 τέχνην
1176 2602 1333 2694 μηδεμίαν

123 2705 284 2802 ευρησθαι
312 2705 376 2801 μήτ
376 2700 487 2778 ’άλλο
516 2711 616 2801 μηδὲν
643 2700 728 2778 (56³⁰
710 2735 785 2777 στου
813 2703 965 2798 παραβάς
994 2736 1045 2789 τις
1065 2704 1139 2790 τοὺς
1160 2705 1333 2794 νόμουςου

127 2814 229 2887 δώσει
245 2815 345 2907 δίκην.
373 2821 455 2885 Nam
469 2821 566 2904 primo
581 2822 692 2885 obtutu
707 2821 802 2884 oemit
802 2839 840 2883 ur
789 2821 909 2884 thoe
924 2821 988 2884 loeo
1003 2819 1100 2884 fusius
1116 2821 1259 2902 explicari
1273 2840 1334 2902 qua

124 2929 253 3004 ratione,
274 2927 306 2990 id
324 2927 627 3008 quod§213faoere
649 2927 802 3002 iubentur,
823 2944 877 3008 pro
893 2945 925 2990 se
940 2925 1014 3008 ipsis
1030 2930 1061 2990 et
1076 2927 1195 3006 legibus
1217 2927 1332 2991 iudioes

123 3053 251 3116 operam
280 3033 456 3115 impendere
483 3032 621 3097 debeant.
667 3031 775 3114 Itaque
798 3051 884 3108 oum,
913 3032 940 3095 si
962 3031 1092 3114 excipias
1114 3033 1134 3112 ὅ
1158 3033 1329 3096 175-185

125 3144 156 3205 et
178 3143 199 3220 ξ
222 3140 406 3215 226-227,
436 3157 635 3221 quaeeunque
663 3138 734 3202 inde
764 3157 782 3202 a
804 3139 824 3218 5
848 3138 909 3200 143
932 3138 1129 3201 inveniuntur
1156 3137 1332 3202 refutationi

124 3245 291 3310 uibuenda
311 3246 386 3319 sint,
413 3245 490 3308 mihi
519 3263 642 3327 prorsus
664 3244 825 3309 verisimile
846 3244 966 3309 videtur
987 3262 1053 3308 esse
1075 3244 1155 3308 hane
1175 3244 1329 3326 propriam

124 3352 272 3416 orationis
295 3356 414 3433 partem
436 3354 556 3433 praeter
578 3351 730 3432 epilogum
753 3369 819 3414 esse
840 3350 1023 3414 habendam.

216 3458 368 3537 Quoniam
391 3457 492 3521 adhue
515 3459 670 3521 neminem
694 3456 731 3520 de
754 3456 845 3520 huius
861 3456 1003 3520 orationis
1020 3456 1191 3520 oondioione
1214 3475 1250 3520 ao
1272 3456 1333 3520 dis-

123 3565 274 3647 positione
297 3563 341 3626 ita
368 3562 519 3626 iudioasse
551 3563 740 3626 ostendimus
771 3564 807 3625 ut
835 3563 867 3625 in
899 3561 964 3625 eius
995 3561 1145 3626 sententia
1177 3563 1240 3626 sine
1268 3563 1333 3626 ulla

124 3669 317 3734 dubitatione
340 3669 594 3750 adquiescendum
618 3668 665 3743 sit,
689 3667 752 3731 iam
775 3667 846 3748 quid
869 3666 905 3730 de
929 3686 964 3730 ea
979 3667 1178 3731 iudicandum
1196 3687 1261 3732 esse
1290 3669 1334 3731 vi-

124 3778 236 3842 deatur
259 3793 450 3857 quaeramus.
490 3777 589 3856 Atque
612 3773 681 3837 inde
704 3772 956 3855 profioiseendum
979 3773 1118 3838 existimo
1140 3777 1176 3837 ut
1198 3793 1275 3854 quae
1292 3773 1333 3836 sit

124 3902 220 3948 eausa
242 3882 335 3945 huius
357 3881 500 3945 orationis
515 3880 764 3963 pervestigemus‚
787 3897 859 3943 oum
880 3879 966 3943 illius
989 3883 1101 3944 natura
1123 3879 1163 3944 ad
1184 3879 1332 3942 iudioium

127 3990 165 4054 de
189 3987 466 4068 argumentationis
490 3985 683 4068 dispositione
705 3985 865 4048 ferendum
883 3985 1052 4066 plurimum
1074 3986 1182 4049 valeat.
1229 3984 1261 4048 d.
1284 3984 1332 4048 m.

124 4095 325 4159 Hermannus
336 4094 359 4177 ¹)
383 4093 491 4173 igitur,
522 4092 571 4155 eui
600 4092 810 4156 assentiuntur
838 4091 996 4154 Nitsohius
1020 4095 1051 4154 et
1074 4091 1229 4164 Schedius,
1252 4109 1334 4154 oom-

217 4341 237 4410 1)
254 4341 287 4393 In
304 4339 357 4394 ind.
376 4339 435 4393 leet.
456 4338 585 4407 Goetting.
606 4355 627 4392 a.
649 4337 787 4390 1847-48
805 4354 829 4406 p.
849 4337 865 4390 6
884 4353 940 4404 sqq.
