<?xml version="1.0" encoding="UTF-8"?>
<!DOCTYPE html PUBLIC "-//W3C//DTD XHTML 1.0 Transitional//EN"
    "http://www.w3.org/TR/xhtml1/DTD/xhtml1-transitional.dtd">
<html xmlns="http://www.w3.org/1999/xhtml" xml:lang="en" lang="en">
 <head>
  <title>
</title>
<meta http-equiv="Content-Type" content="text/html;charset=utf-8" />
  <meta name='ocr-system' content='tesseract 3.04.00' />
  <meta name='ocr-capabilities' content='ocr_page ocr_carea ocr_par ocr_line ocrx_word'/>
</head>
<body>
  <div class='ocr_page' id='page_1' title='image "./dedemosthenismi00bastgoog_0015.png"; bbox 0 0 3142 4834; ppageno 0'>
   <div class='ocr_carea' id='block_1_1' title="bbox 200 276 1412 4179">
    <p class='ocr_par' dir='ltr' id='par_1_1' title="bbox 798 276 819 336">
     <span class='ocr_line' id='line_1_1' title="bbox 798 276 819 336; baseline 0 0"><span class='ocrx_word' id='word_1_1' title='bbox 798 276 819 336; x_wconf 82' lang='lat'>4</span> 
     </span>
    </p>

    <p class='ocr_par' dir='ltr' id='par_1_2' title="bbox 204 486 1412 1313">
     <span class='ocr_line' id='line_1_2' title="bbox 207 486 1411 570; baseline -0.005 -16"><span class='ocrx_word' id='word_1_2' title='bbox 207 490 288 554; x_wconf 73' lang='lat' dir='ltr'><strong>Sam</strong></span> <span class='ocrx_word' id='word_1_3' title='bbox 310 491 364 553; x_wconf 91' lang='lat' dir='ltr'><strong>illa</strong></span> <span class='ocrx_word' id='word_1_4' title='bbox 386 488 538 553; x_wconf 79' lang='lat' dir='ltr'>Stratonis</span> <span class='ocrx_word' id='word_1_5' title='bbox 565 489 727 552; x_wconf 85' lang='lat' dir='ltr'><strong>calamitas</strong></span> <span class='ocrx_word' id='word_1_6' title='bbox 757 491 824 550; x_wconf 90' lang='lat' dir='ltr'><strong>tam</strong></span> <span class='ocrx_word' id='word_1_7' title='bbox 853 491 925 570; x_wconf 89' lang='lat' dir='ltr'><strong>apta</strong></span> <span class='ocrx_word' id='word_1_8' title='bbox 955 491 1021 550; x_wconf 87' lang='lat' dir='ltr'><strong>erat</strong></span> <span class='ocrx_word' id='word_1_9' title='bbox 1048 487 1088 549; x_wconf 92' lang='lat' dir='ltr'><strong>ad</strong></span> <span class='ocrx_word' id='word_1_10' title='bbox 1114 486 1253 550; x_wconf 90' lang='lat' dir='ltr'><strong>iudicum</strong></span> <span class='ocrx_word' id='word_1_11' title='bbox 1279 487 1358 548; x_wconf 88' lang='lat' dir='ltr'><strong>iram</strong></span> <span class='ocrx_word' id='word_1_12' title='bbox 1379 486 1411 548; x_wconf 92' lang='lat' dir='ltr'><strong>in</strong></span> 
     </span>
     <span class='ocr_line' id='line_1_3' title="bbox 206 593 1411 674; baseline -0.005 -14"><span class='ocrx_word' id='word_1_13' title='bbox 206 596 335 660; x_wconf 84' lang='lat' dir='ltr'><strong>hlidiam</strong></span> <span class='ocrx_word' id='word_1_14' title='bbox 356 595 610 658; x_wconf 86' lang='lat' dir='ltr'><strong>inflammandam</strong></span> <span class='ocrx_word' id='word_1_15' title='bbox 638 594 938 674; x_wconf 75' lang='lat' dir='ltr'><strong>misericordiamque</strong></span> <span class='ocrx_word' id='word_1_16' title='bbox 963 593 1175 656; x_wconf 77' lang='lat' dir='ltr'><strong>excutiendam</strong></span> <span class='ocrx_word' id='word_1_17' title='bbox 1201 597 1238 655; x_wconf 88' lang='lat' dir='ltr'><strong>ut</strong></span> <span class='ocrx_word' id='word_1_18' title='bbox 1259 593 1351 654; x_wconf 91' lang='lat' dir='ltr'><strong>nimis</strong></span> <span class='ocrx_word' id='word_1_19' title='bbox 1373 611 1411 655; x_wconf 90' lang='lat' dir='ltr'><strong>ea</strong></span> 
     </span>
     <span class='ocr_line' id='line_1_4' title="bbox 205 700 1412 784; baseline -0.004 -18"><span class='ocrx_word' id='word_1_20' title='bbox 205 703 252 766; x_wconf 91' lang='lat' dir='ltr'><strong>uti</strong></span> <span class='ocrx_word' id='word_1_21' title='bbox 272 722 332 766; x_wconf 93' lang='lat' dir='ltr'><strong>uon</strong></span> <span class='ocrx_word' id='word_1_22' title='bbox 354 707 466 784; x_wconf 85' lang='lat' dir='ltr'><strong>posset</strong></span> <span class='ocrx_word' id='word_1_23' title='bbox 511 701 599 780; x_wconf 81' lang='lat' dir='ltr'><strong>Quod</strong></span> <span class='ocrx_word' id='word_1_24' title='bbox 620 719 693 763; x_wconf 90' lang='lat' dir='ltr'><strong>cnm</strong></span> <span class='ocrx_word' id='word_1_25' title='bbox 714 701 797 763; x_wconf 92' lang='lat' dir='ltr'><strong>haud</strong></span> <span class='ocrx_word' id='word_1_26' title='bbox 818 701 971 780; x_wconf 81' lang='lat' dir='ltr'><strong>ignoraret</strong></span> <span class='ocrx_word' id='word_1_27' title='bbox 991 700 1222 773; x_wconf 80' lang='lat' dir='ltr'><strong>Demosthenes,</strong></span> <span class='ocrx_word' id='word_1_28' title='bbox 1248 717 1412 779; x_wconf 89' lang='lat' dir='ltr'><strong>argumen-</strong></span> 
     </span>
     <span class='ocr_line' id='line_1_5' title="bbox 205 805 1410 890; baseline -0.005 -18"><span class='ocrx_word' id='word_1_29' title='bbox 205 809 247 872; x_wconf 87' lang='lat' dir='ltr'><strong>tis</strong></span> <span class='ocrx_word' id='word_1_30' title='bbox 269 807 433 888; x_wconf 71' lang='lat' dir='ltr'><strong>§aa-94</strong></span> <span class='ocrx_word' id='word_1_31' title='bbox 448 808 574 890; x_wconf 88' lang='lat' dir='ltr'><strong>prolatis</strong></span> <span class='ocrx_word' id='word_1_32' title='bbox 595 807 708 870; x_wconf 89' lang='lat' dir='ltr'><strong>itemm</strong></span> <span class='ocrx_word' id='word_1_33' title='bbox 730 806 768 870; x_wconf 92' lang='lat' dir='ltr'><strong>de</strong></span> <span class='ocrx_word' id='word_1_34' title='bbox 790 806 897 870; x_wconf 91' lang='lat' dir='ltr'><strong>eadem</strong></span> <span class='ocrx_word' id='word_1_35' title='bbox 919 825 952 868; x_wconf 90' lang='lat' dir='ltr'><strong>re</strong></span> <span class='ocrx_word' id='word_1_36' title='bbox 966 805 1110 869; x_wconf 84' lang='lat' dir='ltr'><strong>disseruit</strong></span> <span class='ocrx_word' id='word_1_37' title='bbox 1131 809 1163 868; x_wconf 91' lang='lat' dir='ltr'><strong>et</strong></span> <span class='ocrx_word' id='word_1_38' title='bbox 1183 805 1259 868; x_wconf 86' lang='lat' dir='ltr'><strong>satis</strong></span> <span class='ocrx_word' id='word_1_39' title='bbox 1273 805 1410 878; x_wconf 76' lang='lat' dir='ltr'><strong>feliciter,</strong></span> 
     </span>
     <span class='ocr_line' id='line_1_6' title="bbox 205 911 1412 997; baseline -0.004 -19"><span class='ocrx_word' id='word_1_40' title='bbox 205 919 242 979; x_wconf 91' lang='lat' dir='ltr'><strong>nt</strong></span> <span class='ocrx_word' id='word_1_41' title='bbox 259 914 407 979; x_wconf 83' lang='lat' dir='ltr'><strong>offendere</strong></span> <span class='ocrx_word' id='word_1_42' title='bbox 422 915 472 978; x_wconf 80' lang='lat' dir='ltr'><strong>rix</strong></span> <span class='ocrx_word' id='word_1_43' title='bbox 485 914 590 997; x_wconf 83' lang='lat' dir='ltr'><strong>possit,</strong></span> <span class='ocrx_word' id='word_1_44' title='bbox 613 912 755 977; x_wconf 78' lang='lat' dir='ltr'><strong>Stratone</strong></span> <span class='ocrx_word' id='word_1_45' title='bbox 776 913 842 994; x_wconf 88' lang='lat' dir='ltr'><strong>ipso</strong></span> <span class='ocrx_word' id='word_1_46' title='bbox 857 912 1036 976; x_wconf 77' lang='lat' dir='ltr'><strong>arcessendo</strong></span> <span class='ocrx_word' id='word_1_47' title='bbox 1050 913 1309 994; x_wconf 85' lang='lat' dir='ltr'><strong>opportunitatem</strong></span> <span class='ocrx_word' id='word_1_48' title='bbox 1330 911 1412 974; x_wconf 91' lang='lat' dir='ltr'><strong>eius-</strong></span> 
     </span>
     <span class='ocr_line' id='line_1_7' title="bbox 205 1018 1411 1100; baseline -0.003 -16"><span class='ocrx_word' id='word_1_49' title='bbox 205 1021 275 1084; x_wconf 89' lang='lat' dir='ltr'><strong>dem</strong></span> <span class='ocrx_word' id='word_1_50' title='bbox 300 1022 344 1085; x_wconf 89' lang='lat' dir='ltr'><strong>rei</strong></span> <span class='ocrx_word' id='word_1_51' title='bbox 373 1022 467 1085; x_wconf 91' lang='lat' dir='ltr'><strong>etiam</strong></span> <span class='ocrx_word' id='word_1_52' title='bbox 496 1021 581 1083; x_wconf 89' lang='lat' dir='ltr'><strong>ultra</strong></span> <span class='ocrx_word' id='word_1_53' title='bbox 610 1019 836 1100; x_wconf 83' lang='lat' dir='ltr'><strong>exaggerandae</strong></span> <span class='ocrx_word' id='word_1_54' title='bbox 867 1019 925 1081; x_wconf 87' lang='lat' dir='ltr'><strong>sibi</strong></span> <span class='ocrx_word' id='word_1_55' title='bbox 952 1019 1141 1100; x_wconf 77' lang='lat' dir='ltr'><strong>compararit</strong></span> <span class='ocrx_word' id='word_1_56' title='bbox 1162 1021 1194 1081; x_wconf 91' lang='lat' dir='ltr'><strong>et</strong></span> <span class='ocrx_word' id='word_1_57' title='bbox 1215 1018 1279 1080; x_wconf 89' lang='lat' dir='ltr'><strong>iam</strong></span> <span class='ocrx_word' id='word_1_58' title='bbox 1305 1035 1411 1080; x_wconf 90' lang='lat' dir='ltr'><strong>coram</strong></span> 
     </span>
     <span class='ocr_line' id='line_1_8' title="bbox 205 1124 1411 1192; baseline -0.003 -2"><span class='ocrx_word' id='word_1_59' title='bbox 205 1128 286 1192; x_wconf 91' lang='lat' dir='ltr'><strong>hunc</strong></span> <span class='ocrx_word' id='word_1_60' title='bbox 314 1127 466 1190; x_wconf 90' lang='lat' dir='ltr'><strong>iudicibus</strong></span> <span class='ocrx_word' id='word_1_61' title='bbox 495 1129 654 1190; x_wconf 87' lang='lat' dir='ltr'><strong>ostentans</strong></span> <span class='ocrx_word' id='word_1_62' title='bbox 684 1144 805 1188; x_wconf 88' lang='lat' dir='ltr'><strong>summo</strong></span> <span class='ocrx_word' id='word_1_63' title='bbox 833 1144 906 1188; x_wconf 91' lang='lat' dir='ltr'><strong>cum</strong></span> <span class='ocrx_word' id='word_1_64' title='bbox 933 1125 1039 1188; x_wconf 90' lang='lat' dir='ltr'><strong>ardore</strong></span> <span class='ocrx_word' id='word_1_65' title='bbox 1066 1129 1098 1188; x_wconf 90' lang='lat' dir='ltr'><strong>et</strong></span> <span class='ocrx_word' id='word_1_66' title='bbox 1126 1142 1249 1188; x_wconf 88' lang='lat' dir='ltr'><strong>summa</strong></span> <span class='ocrx_word' id='word_1_67' title='bbox 1278 1142 1350 1186; x_wconf 89' lang='lat' dir='ltr'><strong>cum</strong></span> <span class='ocrx_word' id='word_1_68' title='bbox 1378 1124 1411 1185; x_wconf 78' lang='lat' dir='ltr'><strong>ri</strong></span> 
     </span>
     <span class='ocr_line' id='line_1_9' title="bbox 204 1233 906 1313; baseline -0.004 -16"><span class='ocrx_word' id='word_1_69' title='bbox 204 1233 323 1299; x_wconf 93' lang='lat' dir='ltr'><strong>dicendi</strong></span> <span class='ocrx_word' id='word_1_70' title='bbox 345 1233 458 1296; x_wconf 84' lang='lat' dir='ltr'><strong>Midiae</strong></span> <span class='ocrx_word' id='word_1_71' title='bbox 478 1233 630 1295; x_wconf 88' lang='lat' dir='ltr'><strong>malitiam</strong></span> <span class='ocrx_word' id='word_1_72' title='bbox 652 1235 829 1313; x_wconf 88' lang='lat' dir='ltr'><strong>persecutus</strong></span> <span class='ocrx_word' id='word_1_73' title='bbox 850 1235 906 1295; x_wconf 85' lang='lat' dir='ltr'><strong>est</strong></span> 
     </span>
    </p>

    <p class='ocr_par' dir='ltr' id='par_1_3' title="bbox 200 1335 1412 4179">
     <span class='ocr_line' id='line_1_10' title="bbox 291 1335 1412 1420; baseline -0.006 -16"><span class='ocrx_word' id='word_1_74' title='bbox 291 1339 329 1404; x_wconf 94' lang='lat' dir='ltr'><strong>In</strong></span> <span class='ocrx_word' id='word_1_75' title='bbox 348 1340 408 1402; x_wconf 87' lang='lat' dir='ltr'><strong>hac</strong></span> <span class='ocrx_word' id='word_1_76' title='bbox 428 1338 537 1402; x_wconf 89' lang='lat' dir='ltr'><strong>eadem</strong></span> <span class='ocrx_word' id='word_1_77' title='bbox 566 1337 717 1420; x_wconf 87' lang='lat' dir='ltr'><strong>particula</strong></span> <span class='ocrx_word' id='word_1_78' title='bbox 737 1337 878 1400; x_wconf 91' lang='lat' dir='ltr'><strong>nonnulli</strong></span> <span class='ocrx_word' id='word_1_79' title='bbox 904 1337 962 1400; x_wconf 93' lang='lat' dir='ltr'><strong>loci</strong></span> <span class='ocrx_word' id='word_1_80' title='bbox 992 1339 1066 1400; x_wconf 90' lang='lat' dir='ltr'><strong>sunt</strong></span> <span class='ocrx_word' id='word_1_81' title='bbox 1095 1337 1149 1418; x_wconf 90' lang='lat' dir='ltr'><strong>qni</strong></span> <span class='ocrx_word' id='word_1_82' title='bbox 1177 1337 1210 1398; x_wconf 90' lang='lat' dir='ltr'><strong>in</strong></span> <span class='ocrx_word' id='word_1_83' title='bbox 1232 1335 1352 1398; x_wconf 89' lang='lat' dir='ltr'><strong>scholiis</strong></span> <span class='ocrx_word' id='word_1_84' title='bbox 1373 1337 1412 1397; x_wconf 92' lang='lat' dir='ltr'><strong>ut</strong></span> 
     </span>
     <span class='ocr_line' id='line_1_11' title="bbox 203 1429 1410 1527; baseline -0.007 -18"><span class='ocrx_word' id='word_1_85' title='bbox 203 1446 325 1509; x_wconf 78' lang='lat' dir='ltr'><strong>obscuri</strong></span> <span class='ocrx_word' id='word_1_86' title='bbox 346 1447 510 1518; x_wconf 75' lang='lat' dir='ltr'><strong>notantur,</strong></span> <span class='ocrx_word' id='word_1_87' title='bbox 537 1444 622 1507; x_wconf 79' lang='lat' dir='ltr'><strong>velut</strong></span> <span class='ocrx_word' id='word_1_88' title='bbox 643 1462 721 1524; x_wconf 83' lang='lat' dir='ltr'><strong>quae</strong></span> <span class='ocrx_word' id='word_1_89' title='bbox 743 1443 761 1525; x_wconf 63' lang='grc' dir='ltr'><strong>ξ</strong></span> <span class='ocrx_word' id='word_1_90' title='bbox 784 1445 826 1506; x_wconf 84' lang='grc'><strong>89</strong></span> <span class='ocrx_word' id='word_1_91' title='bbox 848 1444 994 1523; x_wconf 80' lang='lat' dir='ltr'><strong>leguntur</strong></span> <span class='ocrx_word' id='word_1_92' title='bbox 1020 1439 1134 1527; x_wconf 70' lang='grc' dir='ltr'>σινέβρ</span> <span class='ocrx_word' id='word_1_93' title='bbox 1163 1439 1200 1503; x_wconf 77' lang='grc' dir='ltr'><strong>δὲ</strong></span> <span class='ocrx_word' id='word_1_94' title='bbox 1221 1429 1410 1525; x_wconf 66' lang='grc' dir='ltr'>ἱπερῃμέρῳ</span> 
     </span>
     <span class='ocr_line' id='line_1_12' title="bbox 204 1535 1410 1636; baseline -0.003 -23"><span class='ocrx_word' id='word_1_95' title='bbox 204 1548 360 1636; x_wconf 74' lang='grc' dir='ltr'><strong>γενομένῳ</strong></span> <span class='ocrx_word' id='word_1_96' title='bbox 381 1549 498 1613; x_wconf 66' lang='lat' dir='ltr'><strong>lacsir</strong></span> <span class='ocrx_word' id='word_1_97' title='bbox 520 1535 605 1634; x_wconf 67' lang='grc' dir='ltr'><strong>αἰνῷ</strong></span> <span class='ocrx_word' id='word_1_98' title='bbox 634 1540 690 1612; x_wconf 78' lang='grc' dir='ltr'><strong>διὰ</strong></span> <span class='ocrx_word' id='word_1_99' title='bbox 718 1539 757 1611; x_wconf 81' lang='grc' dir='ltr'><strong>τὸ</strong></span> <span class='ocrx_word' id='word_1_100' title='bbox 779 1536 985 1634; x_wconf 60' lang='grc' dir='ltr'>ἀδικηθῆναι.</span> <span class='ocrx_word' id='word_1_101' title='bbox 1029 1548 1077 1612; x_wconf 87' lang='lat' dir='ltr'><strong>De</strong></span> <span class='ocrx_word' id='word_1_102' title='bbox 1099 1548 1210 1629; x_wconf 87' lang='lat' dir='ltr'><strong>quibus</strong></span> <span class='ocrx_word' id='word_1_103' title='bbox 1231 1547 1331 1610; x_wconf 75' lang='lat' dir='ltr'><strong>verbis</strong></span> <span class='ocrx_word' id='word_1_104' title='bbox 1353 1567 1410 1610; x_wconf 92' lang='lat' dir='ltr'><strong>suo</strong></span> 
     </span>
     <span class='ocr_line' id='line_1_13' title="bbox 203 1643 1410 1742; baseline -0.004 -23"><span class='ocrx_word' id='word_1_105' title='bbox 203 1657 269 1721; x_wconf 89' lang='lat' dir='ltr'><strong>iure</strong></span> <span class='ocrx_word' id='word_1_106' title='bbox 292 1658 456 1721; x_wconf 81' lang='lat' dir='ltr'><strong>scholiasta</strong></span> <span class='ocrx_word' id='word_1_107' title='bbox 478 1656 567 1720; x_wconf 85' lang='lat' dir='ltr'><strong>dicit:</strong></span> <span class='ocrx_word' id='word_1_108' title='bbox 598 1643 727 1742; x_wconf 73' lang='grc' dir='ltr'><strong><em>ἀσαφὲς</em></strong></span> <span class='ocrx_word' id='word_1_109' title='bbox 748 1645 830 1717; x_wconf 82' lang='grc' dir='ltr'>εἶναι</span> <span class='ocrx_word' id='word_1_110' title='bbox 854 1653 943 1717; x_wconf 67' lang='lat' dir='ltr'><strong>dorsi</strong></span> <span class='ocrx_word' id='word_1_111' title='bbox 969 1650 1073 1717; x_wconf 71' lang='grc' dir='ltr'><strong><em>τοῦτο.</em></strong></span> <span class='ocrx_word' id='word_1_112' title='bbox 1098 1691 1137 1698; x_wconf 96' lang='grc'>-</span> <span class='ocrx_word' id='word_1_113' title='bbox 1161 1643 1215 1715; x_wconf 77' lang='grc' dir='ltr'>διὸ</span> <span class='ocrx_word' id='word_1_114' title='bbox 1237 1650 1293 1714; x_wconf 82' lang='grc' dir='ltr'><strong>καὶ</strong></span> <span class='ocrx_word' id='word_1_115' title='bbox 1314 1648 1410 1714; x_wconf 70' lang='lat' dir='ltr'><strong>codro</strong></span> 
     </span>
     <span class='ocr_line' id='line_1_14' title="bbox 202 1746 1409 1848; baseline -0.005 -23"><span class='ocrx_word' id='word_1_116' title='bbox 202 1753 241 1825; x_wconf 84' lang='grc' dir='ltr'><strong>τὸ</strong></span> <span class='ocrx_word' id='word_1_117' title='bbox 262 1759 360 1848; x_wconf 80' lang='grc' dir='ltr'><strong><em>μέρος</em></strong></span> <span class='ocrx_word' id='word_1_118' title='bbox 381 1749 555 1844; x_wconf 79' lang='grc' dir='ltr'>ὦβέλιστιιι</span> <span class='ocrx_word' id='word_1_119' title='bbox 578 1752 668 1847; x_wconf 80' lang='grc' dir='ltr'><strong>παρὰ</strong></span> <span class='ocrx_word' id='word_1_120' title='bbox 689 1757 753 1824; x_wconf 80' lang='grc' dir='ltr'><strong>τῶν</strong></span> <span class='ocrx_word' id='word_1_121' title='bbox 767 1757 919 1844; x_wconf 77' lang='grc' dir='ltr'><strong>κριτικῶν</strong></span> <span class='ocrx_word' id='word_1_122' title='bbox 932 1759 989 1822; x_wconf 82' lang='grc' dir='ltr'><strong>καὶ</strong></span> <span class='ocrx_word' id='word_1_123' title='bbox 1011 1749 1056 1836; x_wconf 81' lang='grc' dir='ltr'><strong>ὡς</strong></span> <span class='ocrx_word' id='word_1_124' title='bbox 1077 1746 1283 1843; x_wconf 66' lang='grc' dir='ltr'>ἀδιόρθωτον</span> <span class='ocrx_word' id='word_1_125' title='bbox 1300 1781 1409 1843; x_wconf 81' lang='grc' dir='ltr'>παρα-</span> 
     </span>
     <span class='ocr_line' id='line_1_15' title="bbox 202 1865 1411 1950; baseline -0.002 -20"><span class='ocrx_word' id='word_1_126' title='bbox 202 1865 392 1947; x_wconf 62' lang='lat' dir='ltr'><strong>ahiram,-</strong></span> <span class='ocrx_word' id='word_1_127' title='bbox 422 1889 497 1933; x_wconf 88' lang='lat' dir='ltr'><strong>nam</strong></span> <span class='ocrx_word' id='word_1_128' title='bbox 524 1886 730 1950; x_wconf 86' lang='lat' dir='ltr'><strong>quamquam,</strong></span> <span class='ocrx_word' id='word_1_129' title='bbox 759 1871 796 1930; x_wconf 91' lang='lat' dir='ltr'><strong>ut</strong></span> <span class='ocrx_word' id='word_1_130' title='bbox 824 1867 968 1932; x_wconf 87' lang='lat' dir='ltr'><strong>Schaefer</strong></span> <span class='ocrx_word' id='word_1_131' title='bbox 996 1867 1172 1940; x_wconf 86' lang='lat' dir='ltr'><strong>confirmat,</strong></span> <span class='ocrx_word' id='word_1_132' title='bbox 1204 1866 1306 1946; x_wconf 90' lang='lat' dir='ltr'><strong>isqui</strong></span> <span class='ocrx_word' id='word_1_133' title='bbox 1333 1866 1411 1928; x_wconf 86' lang='lat' dir='ltr'><strong>hacc</strong></span> 
     </span>
     <span class='ocr_line' id='line_1_16' title="bbox 203 1972 1411 2057; baseline -0.005 -17"><span class='ocrx_word' id='word_1_134' title='bbox 203 1977 296 2040; x_wconf 78' lang='lat' dir='ltr'><strong>rerba</strong></span> <span class='ocrx_word' id='word_1_135' title='bbox 317 1979 435 2040; x_wconf 88' lang='lat' dir='ltr'><strong>attente</strong></span> <span class='ocrx_word' id='word_1_136' title='bbox 454 1976 678 2057; x_wconf 81' lang='lat' dir='ltr'><strong>contemplatur</strong></span> <span class='ocrx_word' id='word_1_137' title='bbox 699 1973 773 2054; x_wconf 91' lang='lat' dir='ltr'><strong>quid</strong></span> <span class='ocrx_word' id='word_1_138' title='bbox 795 1974 965 2054; x_wconf 85' lang='lat' dir='ltr'><strong>significent</strong></span> <span class='ocrx_word' id='word_1_139' title='bbox 986 1973 1086 2036; x_wconf 84' lang='lat' dir='ltr'><strong>ridere</strong></span> <span class='ocrx_word' id='word_1_140' title='bbox 1107 1975 1217 2054; x_wconf 84' lang='lat' dir='ltr'><strong>potest</strong></span> <span class='ocrx_word' id='word_1_141' title='bbox 1239 1975 1345 2035; x_wconf 87' lang='lat' dir='ltr'><strong>tamen</strong></span> <span class='ocrx_word' id='word_1_142' title='bbox 1369 1972 1411 2034; x_wconf 88' lang='lat' dir='ltr'><strong>ab</strong></span> 
     </span>
     <span class='ocr_line' id='line_1_17' title="bbox 203 2077 1411 2162; baseline -0.002 -19"><span class='ocrx_word' id='word_1_143' title='bbox 203 2081 369 2156; x_wconf 87' lang='lat' dir='ltr'><strong>iudicibus,</strong></span> <span class='ocrx_word' id='word_1_144' title='bbox 392 2081 503 2162; x_wconf 86' lang='lat' dir='ltr'><strong>quibus</strong></span> <span class='ocrx_word' id='word_1_145' title='bbox 532 2100 593 2144; x_wconf 93' lang='lat' dir='ltr'><strong>non</strong></span> <span class='ocrx_word' id='word_1_146' title='bbox 619 2081 755 2143; x_wconf 90' lang='lat' dir='ltr'><strong>multum</strong></span> <span class='ocrx_word' id='word_1_147' title='bbox 776 2080 921 2162; x_wconf 87' lang='lat' dir='ltr'><strong>temporis</strong></span> <span class='ocrx_word' id='word_1_148' title='bbox 956 2083 1022 2144; x_wconf 92' lang='lat' dir='ltr'><strong>erat</strong></span> <span class='ocrx_word' id='word_1_149' title='bbox 1048 2079 1088 2142; x_wconf 90' lang='lat' dir='ltr'><strong>ad</strong></span> <span class='ocrx_word' id='word_1_150' title='bbox 1117 2097 1154 2143; x_wconf 90' lang='lat' dir='ltr'><strong>ea</strong></span> <span class='ocrx_word' id='word_1_151' title='bbox 1180 2077 1411 2154; x_wconf 91' lang='lat' dir='ltr'><strong>consideranda,</strong></span> 
     </span>
     <span class='ocr_line' id='line_1_18' title="bbox 202 2184 1409 2270; baseline -0.004 -20"><span class='ocrx_word' id='word_1_152' title='bbox 202 2187 290 2252; x_wconf 79' lang='lat' dir='ltr'><strong>facile</strong></span> <span class='ocrx_word' id='word_1_153' title='bbox 317 2206 476 2270; x_wconf 85' lang='lat' dir='ltr'><strong>perperam</strong></span> <span class='ocrx_word' id='word_1_154' title='bbox 504 2187 599 2268; x_wconf 85' lang='lat' dir='ltr'><strong>accipi</strong></span> <span class='ocrx_word' id='word_1_155' title='bbox 620 2189 769 2268; x_wconf 84' lang='lat' dir='ltr'><strong>poterant.</strong></span> <span class='ocrx_word' id='word_1_156' title='bbox 824 2185 940 2248; x_wconf 90' lang='lat' dir='ltr'><strong>Iniuria</strong></span> <span class='ocrx_word' id='word_1_157' title='bbox 968 2189 1073 2248; x_wconf 92' lang='lat' dir='ltr'><strong>autem</strong></span> <span class='ocrx_word' id='word_1_158' title='bbox 1107 2184 1272 2249; x_wconf 87' lang='lat' dir='ltr'><strong>scholiasta</strong></span> <span class='ocrx_word' id='word_1_159' title='bbox 1304 2184 1409 2265; x_wconf 75' lang='lat' dir='ltr'><strong>§loo</strong></span> 
     </span>
     <span class='ocr_line' id='line_1_19' title="bbox 201 2275 1411 2376; baseline -0.006 -19"><span class='ocrx_word' id='word_1_160' title='bbox 201 2294 294 2357; x_wconf 88' lang='lat' dir='ltr'><strong>verba</strong></span> <span class='ocrx_word' id='word_1_161' title='bbox 312 2287 363 2368; x_wconf 79' lang='grc' dir='ltr'><strong>τίς</strong></span> <span class='ocrx_word' id='word_1_162' title='bbox 391 2276 444 2355; x_wconf 69' lang='grc' dir='ltr'><strong>οὖν</strong></span> <span class='ocrx_word' id='word_1_163' title='bbox 465 2281 600 2376; x_wconf 72' lang='grc' dir='ltr'><strong>ὑβρίζων</strong></span> <span class='ocrx_word' id='word_1_164' title='bbox 627 2281 787 2353; x_wconf 69' lang='grc' dir='ltr'>παύσεται</span> <span class='ocrx_word' id='word_1_165' title='bbox 816 2289 873 2354; x_wconf 84' lang='grc' dir='ltr'><strong>καὶ</strong></span> <span class='ocrx_word' id='word_1_166' title='bbox 902 2277 946 2352; x_wconf 72' lang='grc' dir='ltr'><strong>δι’</strong></span> <span class='ocrx_word' id='word_1_167' title='bbox 976 2275 1120 2354; x_wconf 73' lang='lat' dir='ltr'><strong>droti-rot</strong></span> <span class='ocrx_word' id='word_1_168' title='bbox 1146 2292 1240 2352; x_wconf 83' lang='grc' dir='ltr'>ποιεῖ</span> <span class='ocrx_word' id='word_1_169' title='bbox 1265 2279 1411 2373; x_wconf 73' lang='grc' dir='ltr'><strong>χρήματα</strong></span> 
     </span>
     <span class='ocr_line' id='line_1_20' title="bbox 202 2385 1411 2485; baseline -0.002 -24"><span class='ocrx_word' id='word_1_170' title='bbox 202 2385 460 2485; x_wconf 71' lang='grc' dir='ltr'>ἆραιριθήσειαι</span> <span class='ocrx_word' id='word_1_171' title='bbox 481 2420 512 2461; x_wconf 84' lang='grc' dir='ltr'><strong>κ.</strong></span> <span class='ocrx_word' id='word_1_172' title='bbox 527 2421 556 2460; x_wconf 81' lang='grc' dir='ltr'><strong>τ.</strong></span> <span class='ocrx_word' id='word_1_173' title='bbox 572 2397 600 2460; x_wconf 80' lang='lat' dir='ltr'><strong>l.</strong></span> <span class='ocrx_word' id='word_1_174' title='bbox 623 2398 753 2461; x_wconf 91' lang='lat' dir='ltr'><strong>obscura</strong></span> <span class='ocrx_word' id='word_1_175' title='bbox 775 2417 841 2462; x_wconf 91' lang='lat' dir='ltr'><strong>esse</strong></span> <span class='ocrx_word' id='word_1_176' title='bbox 862 2397 938 2460; x_wconf 90' lang='lat' dir='ltr'><strong>mihi</strong></span> <span class='ocrx_word' id='word_1_177' title='bbox 959 2397 1080 2461; x_wconf 86' lang='lat' dir='ltr'><strong>videtur</strong></span> <span class='ocrx_word' id='word_1_178' title='bbox 1100 2396 1290 2461; x_wconf 89' lang='lat' dir='ltr'><strong>contendere.</strong></span> <span class='ocrx_word' id='word_1_179' title='bbox 1326 2395 1411 2458; x_wconf 88' lang='lat' dir='ltr'><strong>Nam</strong></span> 
     </span>
     <span class='ocr_line' id='line_1_21' title="bbox 202 2501 1410 2587; baseline -0.002 -18"><span class='ocrx_word' id='word_1_180' title='bbox 202 2524 281 2587; x_wconf 89' lang='lat' dir='ltr'><strong>quae</strong></span> <span class='ocrx_word' id='word_1_181' title='bbox 303 2506 344 2569; x_wconf 87' lang='lat' dir='ltr'><strong>sit</strong></span> <span class='ocrx_word' id='word_1_182' title='bbox 365 2505 517 2569; x_wconf 88' lang='lat' dir='ltr'><strong>sententia</strong></span> <span class='ocrx_word' id='word_1_183' title='bbox 545 2505 667 2567; x_wconf 90' lang='lat' dir='ltr'><strong>illorum</strong></span> <span class='ocrx_word' id='word_1_184' title='bbox 689 2504 850 2568; x_wconf 86' lang='lat' dir='ltr'><strong>verborum</strong></span> <span class='ocrx_word' id='word_1_185' title='bbox 876 2523 913 2567; x_wconf 82' lang='lat' dir='ltr'><strong>ex</strong></span> <span class='ocrx_word' id='word_1_186' title='bbox 938 2523 1042 2568; x_wconf 89' lang='lat' dir='ltr'><strong>rerum</strong></span> <span class='ocrx_word' id='word_1_187' title='bbox 1063 2503 1257 2567; x_wconf 88' lang='lat' dir='ltr'><strong>cohaerentia</strong></span> <span class='ocrx_word' id='word_1_188' title='bbox 1278 2501 1410 2566; x_wconf 87' lang='lat' dir='ltr'><strong>dilucide</strong></span> 
     </span>
     <span class='ocr_line' id='line_1_22' title="bbox 202 2594 1410 2694; baseline -0.006 -19"><span class='ocrx_word' id='word_1_189' title='bbox 202 2615 328 2694; x_wconf 89' lang='lat' dir='ltr'><strong>apparet</strong></span> <span class='ocrx_word' id='word_1_190' title='bbox 349 2629 447 2691; x_wconf 91' lang='lat' dir='ltr'><strong>neque</strong></span> <span class='ocrx_word' id='word_1_191' title='bbox 476 2629 663 2693; x_wconf 89' lang='lat' dir='ltr'><strong>quemquam</strong></span> <span class='ocrx_word' id='word_1_192' title='bbox 697 2611 835 2691; x_wconf 87' lang='lat' dir='ltr'><strong>ignorare</strong></span> <span class='ocrx_word' id='word_1_193' title='bbox 862 2614 936 2692; x_wconf 93' lang='lat' dir='ltr'><strong>puto</strong></span> <span class='ocrx_word' id='word_1_194' title='bbox 967 2611 1020 2690; x_wconf 89' lang='lat' dir='ltr'><strong>qui</strong></span> <span class='ocrx_word' id='word_1_195' title='bbox 1041 2609 1060 2692; x_wconf 61' lang='grc' dir='ltr'>ἓ</span> <span class='ocrx_word' id='word_1_196' title='bbox 1082 2611 1124 2674; x_wconf 90' lang='grc'><strong>98</strong></span> <span class='ocrx_word' id='word_1_197' title='bbox 1147 2609 1240 2672; x_wconf 87' lang='lat' dir='ltr'><strong>verba</strong></span> <span class='ocrx_word' id='word_1_198' title='bbox 1266 2594 1335 2671; x_wconf 73' lang='grc' dir='ltr'><strong>ἀλλ’</strong></span> <span class='ocrx_word' id='word_1_199' title='bbox 1357 2595 1410 2669; x_wconf 71' lang='lat' dir='ltr'><strong>dre</strong></span> 
     </span>
     <span class='ocr_line' id='line_1_23' title="bbox 202 2702 1409 2800; baseline -0.002 -21"><span class='ocrx_word' id='word_1_200' title='bbox 202 2707 359 2792; x_wconf 72' lang='grc' dir='ltr'>πλούσιός</span> <span class='ocrx_word' id='word_1_201' title='bbox 374 2711 476 2793; x_wconf 59' lang='grc' dir='ltr'><em>ἔστης</em></span> <span class='ocrx_word' id='word_1_202' title='bbox 498 2702 579 2778; x_wconf 71' lang='grc' dir='ltr'><strong>ἀλλὰ</strong></span> <span class='ocrx_word' id='word_1_203' title='bbox 593 2705 687 2778; x_wconf 72' lang='grc' dir='ltr'><strong>τοῦτό</strong></span> <span class='ocrx_word' id='word_1_204' title='bbox 701 2737 737 2799; x_wconf 80' lang='grc' dir='ltr'><strong>γε</strong></span> <span class='ocrx_word' id='word_1_205' title='bbox 750 2712 807 2800; x_wconf 78' lang='grc' dir='ltr'><strong>τῆς</strong></span> <span class='ocrx_word' id='word_1_206' title='bbox 821 2704 938 2800; x_wconf 74' lang='grc' dir='ltr'>“βρεως</span> <span class='ocrx_word' id='word_1_207' title='bbox 953 2702 1049 2778; x_wconf 67' lang='lat' dir='ltr'><strong>miror]</strong></span> <span class='ocrx_word' id='word_1_208' title='bbox 1070 2705 1181 2796; x_wconf 78' lang='grc' dir='ltr'>σχεδὸν</span> <span class='ocrx_word' id='word_1_209' title='bbox 1201 2707 1306 2778; x_wconf 78' lang='grc' dir='ltr'>αἴτιον</span> <span class='ocrx_word' id='word_1_210' title='bbox 1319 2702 1409 2800; x_wconf 71' lang='grc' dir='ltr'>εὑρή-</span> 
     </span>
     <span class='ocr_line' id='line_1_24' title="bbox 202 2805 1410 2910; baseline -0.002 -24"><span class='ocrx_word' id='word_1_211' title='bbox 202 2843 272 2886; x_wconf 82' lang='grc' dir='ltr'><strong><em>σετε</em></strong></span> <span class='ocrx_word' id='word_1_212' title='bbox 294 2809 338 2901; x_wconf 72' lang='lat' dir='ltr'><strong>dv,</strong></span> <span class='ocrx_word' id='word_1_213' title='bbox 361 2808 437 2885; x_wconf 77' lang='grc' dir='ltr'><strong><em>ὥστ’</em></strong></span> <span class='ocrx_word' id='word_1_214' title='bbox 453 2809 585 2910; x_wconf 81' lang='grc' dir='ltr'><strong>ἇφελέῖν</strong></span> <span class='ocrx_word' id='word_1_215' title='bbox 605 2813 660 2907; x_wconf 79' lang='grc' dir='ltr'><strong>τὴν</strong></span> <span class='ocrx_word' id='word_1_216' title='bbox 674 2808 822 2908; x_wconf 71' lang='grc' dir='ltr'>ἀφορμὴν</span> <span class='ocrx_word' id='word_1_217' title='bbox 843 2808 887 2884; x_wconf 82' lang='grc' dir='ltr'><strong>δι’</strong></span> <span class='ocrx_word' id='word_1_218' title='bbox 910 2805 947 2907; x_wconf 70' lang='grc' dir='ltr'><strong>ἢν</strong></span> <span class='ocrx_word' id='word_1_219' title='bbox 966 2811 1087 2908; x_wconf 72' lang='grc' dir='ltr'>ὑβρίζει</span> <span class='ocrx_word' id='word_1_220' title='bbox 1109 2811 1268 2907; x_wconf 61' lang='grc' dir='ltr'>προσήκει</span> <span class='ocrx_word' id='word_1_221' title='bbox 1288 2817 1410 2902; x_wconf 77' lang='grc' dir='ltr'>μᾶλλον</span> 
     </span>
     <span class='ocr_line' id='line_1_25' title="bbox 201 2915 1409 3016; baseline -0.002 -25"><span class='ocrx_word' id='word_1_222' title='bbox 201 2915 221 3016; x_wconf 71' lang='grc' dir='ltr'>ἢ</span> <span class='ocrx_word' id='word_1_223' title='bbox 243 2925 347 2992; x_wconf 85' lang='grc' dir='ltr'>σῶσαι</span> <span class='ocrx_word' id='word_1_224' title='bbox 369 2918 425 2992; x_wconf 81' lang='grc' dir='ltr'><strong>διὰ</strong></span> <span class='ocrx_word' id='word_1_225' title='bbox 443 2918 572 3014; x_wconf 65' lang='grc' dir='ltr'><strong>ταύτην·</strong></span> <span class='ocrx_word' id='word_1_226' title='bbox 594 2918 632 2991; x_wconf 79' lang='grc' dir='ltr'><strong>τὸ</strong></span> <span class='ocrx_word' id='word_1_227' title='bbox 654 2918 713 3013; x_wconf 70' lang='grc' dir='ltr'><strong>γὰρ</strong></span> <span class='ocrx_word' id='word_1_228' title='bbox 733 2917 900 3013; x_wconf 79' lang='grc' dir='ltr'><strong>χρημάτων</strong></span> <span class='ocrx_word' id='word_1_229' title='bbox 922 2924 1051 2991; x_wconf 80' lang='grc' dir='ltr'>πολλῶν</span> <span class='ocrx_word' id='word_1_230' title='bbox 1072 2917 1197 3010; x_wconf 69' lang='lat' dir='ltr'><strong>Specie</strong></span> <span class='ocrx_word' id='word_1_231' title='bbox 1217 2925 1275 2990; x_wconf 85' lang='grc' dir='ltr'><strong>καὶ</strong></span> <span class='ocrx_word' id='word_1_232' title='bbox 1295 2925 1409 3008; x_wconf 80' lang='grc' dir='ltr'><em>βδελυ-</em></span> 
     </span>
     <span class='ocr_line' id='line_1_26' title="bbox 201 3018 1407 3120; baseline -0.005 -22"><span class='ocrx_word' id='word_1_233' title='bbox 201 3027 256 3120; x_wconf 83' lang='grc' dir='ltr'><strong>ρὸν</strong></span> <span class='ocrx_word' id='word_1_234' title='bbox 276 3032 333 3098; x_wconf 85' lang='grc' dir='ltr'><strong>καὶ</strong></span> <span class='ocrx_word' id='word_1_235' title='bbox 359 3031 504 3098; x_wconf 74' lang='grc' dir='ltr'>τοιοῦτον</span> <span class='ocrx_word' id='word_1_236' title='bbox 532 3021 709 3120; x_wconf 58' lang='grc' dir='ltr'><strong>ἄνθρωπον</strong></span> <span class='ocrx_word' id='word_1_237' title='bbox 737 3030 792 3096; x_wconf 79' lang='grc' dir='ltr'><strong>ε’ἇν</strong></span> <span class='ocrx_word' id='word_1_238' title='bbox 821 3024 903 3097; x_wconf 83' lang='grc' dir='ltr'>εἶναι</span> <span class='ocrx_word' id='word_1_239' title='bbox 933 3025 1041 3118; x_wconf 71' lang='grc' dir='ltr'>κύριον</span> <span class='ocrx_word' id='word_1_240' title='bbox 1068 3024 1216 3120; x_wconf 77' lang='grc' dir='ltr'>ἀφορμήν</span> <span class='ocrx_word' id='word_1_241' title='bbox 1244 3029 1331 3095; x_wconf 79' lang='grc' dir='ltr'>ἔστιν</span> <span class='ocrx_word' id='word_1_242' title='bbox 1353 3018 1407 3118; x_wconf 75' lang='grc' dir='ltr'><strong>ἐφ’</strong></span> 
     </span>
     <span class='ocr_line' id='line_1_27' title="bbox 201 3128 1408 3224; baseline -0.004 -20"><span class='ocrx_word' id='word_1_243' title='bbox 201 3130 284 3224; x_wconf 73' lang='grc' dir='ltr'><strong><em>ὑμᾶς</em></strong></span> <span class='ocrx_word' id='word_1_244' title='bbox 306 3128 418 3217; x_wconf 74' lang='grc' dir='ltr'><em>αὐτοὺς</em></span> <span class='ocrx_word' id='word_1_245' title='bbox 440 3137 613 3204; x_wconf 79' lang='grc' dir='ltr'>δεδωκέναι</span> <span class='ocrx_word' id='word_1_246' title='bbox 640 3143 756 3204; x_wconf 86' lang='lat' dir='ltr'><strong>attente</strong></span> <span class='ocrx_word' id='word_1_247' title='bbox 783 3141 889 3222; x_wconf 89' lang='lat' dir='ltr'><strong>legerit</strong></span> <span class='ocrx_word' id='word_1_248' title='bbox 911 3142 956 3204; x_wconf 89' lang='lat' dir='ltr'><strong>vel</strong></span> <span class='ocrx_word' id='word_1_249' title='bbox 980 3141 1137 3204; x_wconf 84' lang='lat' dir='ltr'><strong>audiverit.</strong></span> <span class='ocrx_word' id='word_1_250' title='bbox 1184 3139 1353 3204; x_wconf 86' lang='lat' dir='ltr'><strong>Scholiasta</strong></span> <span class='ocrx_word' id='word_1_251' title='bbox 1375 3137 1408 3199; x_wconf 93' lang='lat' dir='ltr'><strong>id</strong></span> 
     </span>
     <span class='ocr_line' id='line_1_28' title="bbox 203 3246 1408 3330; baseline -0.004 -19"><span class='ocrx_word' id='word_1_252' title='bbox 203 3267 322 3330; x_wconf 89' lang='lat' dir='ltr'><strong>quoque</strong></span> <span class='ocrx_word' id='word_1_253' title='bbox 344 3248 536 3330; x_wconf 88' lang='lat' dir='ltr'><strong>reprehendit</strong></span> <span class='ocrx_word' id='word_1_254' title='bbox 558 3247 637 3329; x_wconf 90' lang='lat' dir='ltr'><strong>quod</strong></span> <span class='ocrx_word' id='word_1_255' title='bbox 653 3247 875 3312; x_wconf 88' lang='lat' dir='ltr'><strong>Demosthenes</strong></span> <span class='ocrx_word' id='word_1_256' title='bbox 892 3246 1065 3311; x_wconf 84' lang='lat' dir='ltr'><strong>Stratonem</strong></span> <span class='ocrx_word' id='word_1_257' title='bbox 1086 3247 1204 3329; x_wconf 90' lang='lat' dir='ltr'><strong>prodire</strong></span> <span class='ocrx_word' id='word_1_258' title='bbox 1218 3246 1312 3320; x_wconf 89' lang='lat' dir='ltr'><strong>iubet,</strong></span> <span class='ocrx_word' id='word_1_259' title='bbox 1334 3263 1408 3307; x_wconf 90' lang='lat' dir='ltr'><strong>cum</strong></span> 
     </span>
     <span class='ocr_line' id='line_1_29' title="bbox 202 3339 1407 3435; baseline -0.005 -17"><span class='ocrx_word' id='word_1_260' title='bbox 202 3355 229 3418; x_wconf 95' lang='lat' dir='ltr'><strong>ei</strong></span> <span class='ocrx_word' id='word_1_261' title='bbox 252 3355 305 3435; x_wconf 88' lang='lat' dir='ltr'><strong>qui</strong></span> <span class='ocrx_word' id='word_1_262' title='bbox 327 3339 442 3435; x_wconf 70' lang='grc' dir='ltr'>ἄτιμος</span> <span class='ocrx_word' id='word_1_263' title='bbox 471 3353 510 3418; x_wconf 89' lang='lat' dir='ltr'><strong>sit</strong></span> <span class='ocrx_word' id='word_1_264' title='bbox 538 3354 572 3417; x_wconf 90' lang='lat' dir='ltr'><strong>in</strong></span> <span class='ocrx_word' id='word_1_265' title='bbox 601 3354 710 3418; x_wconf 89' lang='lat' dir='ltr'><strong>iudicio</strong></span> <span class='ocrx_word' id='word_1_266' title='bbox 733 3353 839 3417; x_wconf 89' lang='lat' dir='ltr'><strong>adesse</strong></span> <span class='ocrx_word' id='word_1_267' title='bbox 861 3373 922 3417; x_wconf 92' lang='lat' dir='ltr'><strong>non</strong></span> <span class='ocrx_word' id='word_1_268' title='bbox 942 3354 1040 3417; x_wconf 88' lang='lat' dir='ltr'><strong>liceat.</strong></span> <span class='ocrx_word' id='word_1_269' title='bbox 1086 3351 1146 3418; x_wconf 87' lang='lat' dir='ltr'><strong>Sed</strong></span> <span class='ocrx_word' id='word_1_270' title='bbox 1168 3351 1407 3416; x_wconf 88' lang='lat' dir='ltr'><strong>Demosthenem</strong></span> 
     </span>
     <span class='ocr_line' id='line_1_30' title="bbox 201 3456 1405 3538; baseline -0.003 -15"><span class='ocrx_word' id='word_1_271' title='bbox 201 3463 282 3524; x_wconf 88' lang='lat' dir='ltr'><strong>certe</strong></span> <span class='ocrx_word' id='word_1_272' title='bbox 305 3459 380 3523; x_wconf 91' lang='lat' dir='ltr'><strong>illud</strong></span> <span class='ocrx_word' id='word_1_273' title='bbox 403 3458 557 3523; x_wconf 80' lang='lat' dir='ltr'><strong>factrnum</strong></span> <span class='ocrx_word' id='word_1_274' title='bbox 585 3479 645 3524; x_wconf 89' lang='lat' dir='ltr'><strong>non</strong></span> <span class='ocrx_word' id='word_1_275' title='bbox 667 3459 770 3534; x_wconf 76' lang='lat' dir='ltr'><strong>trisse,</strong></span> <span class='ocrx_word' id='word_1_276' title='bbox 798 3460 858 3523; x_wconf 88' lang='lat' dir='ltr'><strong>nisi</strong></span> <span class='ocrx_word' id='word_1_277' title='bbox 879 3459 1024 3534; x_wconf 89' lang='lat' dir='ltr'><strong>hcuisset,</strong></span> <span class='ocrx_word' id='word_1_278' title='bbox 1055 3477 1110 3522; x_wconf 89' lang='lat' dir='ltr'><strong>suo</strong></span> <span class='ocrx_word' id='word_1_279' title='bbox 1139 3459 1205 3521; x_wconf 89' lang='lat' dir='ltr'><strong>iure</strong></span> <span class='ocrx_word' id='word_1_280' title='bbox 1228 3456 1405 3538; x_wconf 82' lang='lat' dir='ltr'><strong>Schaefer1)</strong></span> 
     </span>
     <span class='ocr_line' id='line_1_31' title="bbox 202 3561 1405 3647; baseline -0.003 -19"><span class='ocrx_word' id='word_1_281' title='bbox 202 3565 284 3629; x_wconf 89' lang='lat' dir='ltr'><strong>dicit.</strong></span> <span class='ocrx_word' id='word_1_282' title='bbox 318 3565 427 3630; x_wconf 87' lang='lat' dir='ltr'><strong>Nonne</strong></span> <span class='ocrx_word' id='word_1_283' title='bbox 460 3565 542 3630; x_wconf 87' lang='lat' dir='ltr'><strong>enirn</strong></span> <span class='ocrx_word' id='word_1_284' title='bbox 564 3566 616 3629; x_wconf 92' lang='lat' dir='ltr'><strong>illa</strong></span> <span class='ocrx_word' id='word_1_285' title='bbox 639 3564 754 3647; x_wconf 83' lang='lat' dir='ltr'><strong>capitis</strong></span> <span class='ocrx_word' id='word_1_286' title='bbox 769 3565 975 3630; x_wconf 88' lang='lat' dir='ltr'><strong>deminutione</strong></span> <span class='ocrx_word' id='word_1_287' title='bbox 997 3584 1059 3628; x_wconf 93' lang='lat' dir='ltr'><strong>non</strong></span> <span class='ocrx_word' id='word_1_288' title='bbox 1081 3565 1185 3628; x_wconf 90' lang='lat' dir='ltr'><strong>onmia</strong></span> <span class='ocrx_word' id='word_1_289' title='bbox 1206 3564 1274 3627; x_wconf 90' lang='lat' dir='ltr'><strong>iura</strong></span> <span class='ocrx_word' id='word_1_290' title='bbox 1295 3561 1405 3636; x_wconf 82' lang='lat' dir='ltr'><strong>civiha,</strong></span> 
     </span>
     <span class='ocr_line' id='line_1_32' title="bbox 201 3667 1407 3754; baseline -0.003 -20"><span class='ocrx_word' id='word_1_291' title='bbox 201 3671 254 3734; x_wconf 89' lang='lat' dir='ltr'><strong>sed</strong></span> <span class='ocrx_word' id='word_1_292' title='bbox 275 3675 394 3753; x_wconf 87' lang='lat' dir='ltr'><strong>partem</strong></span> <span class='ocrx_word' id='word_1_293' title='bbox 417 3690 523 3736; x_wconf 89' lang='lat' dir='ltr'><strong>eorum</strong></span> <span class='ocrx_word' id='word_1_294' title='bbox 552 3673 667 3735; x_wconf 85' lang='lat' dir='ltr'><strong>amissa</strong></span> <span class='ocrx_word' id='word_1_295' title='bbox 689 3690 755 3736; x_wconf 90' lang='lat' dir='ltr'><strong>esse</strong></span> <span class='ocrx_word' id='word_1_296' title='bbox 777 3672 859 3736; x_wconf 88' lang='lat' dir='ltr'><strong>credi</strong></span> <span class='ocrx_word' id='word_1_297' title='bbox 886 3674 1006 3754; x_wconf 80' lang='lat' dir='ltr'><strong>potest?</strong></span> <span class='ocrx_word' id='word_1_298' title='bbox 1053 3670 1113 3735; x_wconf 88' lang='lat' dir='ltr'><strong>Sed</strong></span> <span class='ocrx_word' id='word_1_299' title='bbox 1144 3670 1261 3751; x_wconf 88' lang='lat' dir='ltr'><strong>siquis</strong></span> <span class='ocrx_word' id='word_1_300' title='bbox 1288 3667 1407 3742; x_wconf 74' lang='lat' dir='ltr'><strong>nihilo,</strong></span> 
     </span>
     <span class='ocr_line' id='line_1_33' title="bbox 200 3774 1406 3860; baseline -0.003 -21"><span class='ocrx_word' id='word_1_301' title='bbox 200 3777 303 3842; x_wconf 89' lang='lat' dir='ltr'><strong>minus</strong></span> <span class='ocrx_word' id='word_1_302' title='bbox 327 3777 525 3842; x_wconf 87' lang='lat' dir='ltr'><strong>scholiastam</strong></span> <span class='ocrx_word' id='word_1_303' title='bbox 546 3797 652 3841; x_wconf 86' lang='lat' dir='ltr'><strong>verum</strong></span> <span class='ocrx_word' id='word_1_304' title='bbox 675 3778 856 3844; x_wconf 89' lang='lat' dir='ltr'><strong>contendere</strong></span> <span class='ocrx_word' id='word_1_305' title='bbox 881 3778 1034 3860; x_wconf 83' lang='lat' dir='ltr'><strong>putaverit</strong></span> <span class='ocrx_word' id='word_1_306' title='bbox 1057 3780 1088 3840; x_wconf 88' lang='lat' dir='ltr'><strong>et</strong></span> <span class='ocrx_word' id='word_1_307' title='bbox 1108 3779 1230 3859; x_wconf 89' lang='lat' dir='ltr'><strong>propter</strong></span> <span class='ocrx_word' id='word_1_308' title='bbox 1251 3774 1282 3837; x_wconf 93' lang='lat' dir='ltr'><strong>id</strong></span> <span class='ocrx_word' id='word_1_309' title='bbox 1304 3775 1406 3856; x_wconf 89' lang='lat' dir='ltr'><strong>ipsum</strong></span> 
     </span>
     <span class='ocr_line' id='line_1_34' title="bbox 200 3881 1408 3965; baseline -0.004 -19"><span class='ocrx_word' id='word_1_310' title='bbox 200 3883 439 3948; x_wconf 89' lang='lat' dir='ltr'><strong>Demosthenem</strong></span> <span class='ocrx_word' id='word_1_311' title='bbox 468 3885 530 3947; x_wconf 87' lang='lat' dir='ltr'><strong>tale</strong></span> <span class='ocrx_word' id='word_1_312' title='bbox 553 3884 720 3965; x_wconf 89' lang='lat' dir='ltr'><strong>quidquam</strong></span> <span class='ocrx_word' id='word_1_313' title='bbox 749 3883 903 3948; x_wconf 85' lang='lat' dir='ltr'><strong>faotumm</strong></span> <span class='ocrx_word' id='word_1_314' title='bbox 931 3903 992 3947; x_wconf 92' lang='lat' dir='ltr'><strong>non</strong></span> <span class='ocrx_word' id='word_1_315' title='bbox 1013 3883 1108 3947; x_wconf 82' lang='lat' dir='ltr'><strong>firisse</strong></span> <span class='ocrx_word' id='word_1_316' title='bbox 1138 3884 1224 3945; x_wconf 86' lang='lat' dir='ltr'><strong>ratus</strong></span> <span class='ocrx_word' id='word_1_317' title='bbox 1249 3882 1288 3944; x_wconf 87' lang='lat' dir='ltr'><strong>ab</strong></span> <span class='ocrx_word' id='word_1_318' title='bbox 1312 3881 1408 3942; x_wconf 89' lang='lat' dir='ltr'><strong>inter-</strong></span> 
     </span>
     <span class='ocr_line' id='line_1_35' title="bbox 200 3987 1407 4071; baseline -0.002 -19"><span class='ocrx_word' id='word_1_319' title='bbox 200 3991 332 4071; x_wconf 89' lang='lat' dir='ltr'><strong>polatore</strong></span> <span class='ocrx_word' id='word_1_320' title='bbox 363 3990 463 4071; x_wconf 90' lang='lat' dir='ltr'><strong>aliquo</strong></span> <span class='ocrx_word' id='word_1_321' title='bbox 491 3989 578 4051; x_wconf 90' lang='lat' dir='ltr'><strong>illum</strong></span> <span class='ocrx_word' id='word_1_322' title='bbox 605 3990 707 4053; x_wconf 89' lang='lat' dir='ltr'><strong>locum</strong></span> <span class='ocrx_word' id='word_1_323' title='bbox 745 3989 926 4054; x_wconf 91' lang='lat' dir='ltr'><strong>adiunctum</strong></span> <span class='ocrx_word' id='word_1_324' title='bbox 956 4008 1021 4053; x_wconf 89' lang='lat' dir='ltr'><strong>csse</strong></span> <span class='ocrx_word' id='word_1_325' title='bbox 1049 3988 1277 4062; x_wconf 78' lang='lat' dir='ltr'><strong>existimaverit,</strong></span> <span class='ocrx_word' id='word_1_326' title='bbox 1305 3987 1333 4049; x_wconf 91' lang='lat' dir='ltr'><strong>ei</strong></span> <span class='ocrx_word' id='word_1_327' title='bbox 1359 4005 1407 4050; x_wconf 90' lang='lat' dir='ltr'><strong>re-</strong></span> 
     </span>
     <span class='ocr_line' id='line_1_36' title="bbox 201 4094 1407 4179; baseline -0.003 -21"><span class='ocrx_word' id='word_1_328' title='bbox 201 4095 339 4177; x_wconf 88' lang='lat' dir='ltr'><strong>sponderi</strong></span> <span class='ocrx_word' id='word_1_329' title='bbox 369 4097 469 4177; x_wconf 88' lang='lat' dir='ltr'><strong>potest</strong></span> <span class='ocrx_word' id='word_1_330' title='bbox 500 4098 601 4159; x_wconf 88' lang='lat' dir='ltr'><strong>totum</strong></span> <span class='ocrx_word' id='word_1_331' title='bbox 633 4097 734 4159; x_wconf 89' lang='lat' dir='ltr'><strong>locum</strong></span> <span class='ocrx_word' id='word_1_332' title='bbox 767 4099 924 4179; x_wconf 88' lang='lat' dir='ltr'><strong>tantopere</strong></span> <span class='ocrx_word' id='word_1_333' title='bbox 952 4095 1166 4160; x_wconf 87' lang='lat' dir='ltr'><strong>Demosthenis</strong></span> <span class='ocrx_word' id='word_1_334' title='bbox 1201 4094 1340 4156; x_wconf 90' lang='lat' dir='ltr'><strong>animum</strong></span> <span class='ocrx_word' id='word_1_335' title='bbox 1375 4097 1407 4156; x_wconf 85' lang='lat' dir='ltr'><strong>et</strong></span> 
     </span>
    </p>
   </div>
   <div class='ocr_carea' id='block_1_2' title="bbox 289 4341 496 4408">
    <p class='ocr_par' dir='ltr' id='par_1_4' title="bbox 289 4341 496 4408">
     <span class='ocr_line' id='line_1_37' title="bbox 289 4341 496 4408; baseline 0.01 -14"><span class='ocrx_word' id='word_1_336' title='bbox 289 4343 307 4408; x_wconf 84' lang='lat'><strong>¹)</strong></span> <span class='ocrx_word' id='word_1_337' title='bbox 325 4341 354 4394; x_wconf 91' lang='lat' dir='ltr'><strong>L.</strong></span> <span class='ocrx_word' id='word_1_338' title='bbox 373 4341 391 4395; x_wconf 93' lang='lat' dir='ltr'><strong>l.</strong></span> <span class='ocrx_word' id='word_1_339' title='bbox 410 4357 434 4407; x_wconf 90' lang='lat' dir='ltr'><strong>p.</strong></span> <span class='ocrx_word' id='word_1_340' title='bbox 455 4341 496 4396; x_wconf 78' lang='lat'><strong>60.</strong></span> 
     </span>
    </p>
   </div>
   <div class='ocr_carea' id='block_1_3' title="bbox 0 0 1574 4834">
    <p class='ocr_par' dir='ltr' id='par_1_5' title="bbox 0 0 1574 4834">
     <span class='ocr_line' id='line_1_38' title="bbox 0 0 1574 4834; baseline 0 1"><span class='ocrx_word' id='word_1_341' title='bbox 0 0 1574 4834; x_wconf 95' lang='lat' dir='ltr'><strong> </strong></span> 
     </span>
    </p>
   </div>
  </div>
 </body>
</html>
