3142 4834
825 276 866 338 28

244 486 314 549 inde
336 505 355 548 a
377 488 397 565 ξ
419 488 480 549 128
503 488 627 550 demum
650 488 768 572 reliqua
796 487 839 550 rei
869 487 931 550 vita
961 487 1147 568 explanatur.
1194 483 1295 562 Quam
1322 485 1358 546 oh
1382 502 1444 547 rem

245 591 469 674 Spengeliuslt
500 594 679 674 praesertim
711 613 782 656 oum
810 596 911 657 orator
940 594 1024 672 ing
1055 594 1096 654 23
1126 591 1233 655 statim
1262 577 1389 672 (αὐτίκα
1408 579 1445 674 δὴ·

243 687 342 781 μάλα)
366 701 482 762 oetoras
505 699 616 762 Midiae
638 699 764 762 iniurias
786 700 1015 763 illustraturum
1037 718 1069 762 se
1085 717 1151 762 esse
1167 697 1327 780 promittat
1348 695 1445 760 verbis

243 799 299 866 aod
322 799 485 883 οονείλοχα
507 792 611 890 ὕβρεις
632 792 727 868 αἰτοῦ
748 803 803 867 καὶ
826 792 959 885 ἀτιμίας
982 793 1059 880 ὅσας
1074 791 1257 866 ἀκούσεσθε
1279 789 1394 864 αὐτίκα
1409 791 1446 886 δὴ

242 900 338 990 μάλα,
367 913 387 990 ξ
417 911 543 973 23-41
575 915 644 994 post
672 913 691 991 ς
715 913 776 976 127
806 910 1048 994 transponendae
1078 930 1144 974 esse
1173 909 1336 973 oontendit.
1388 907 1446 971 Sed

243 1016 298 1079 hoo
320 1016 395 1080 mihi
419 1036 479 1079 non
502 1018 654 1099 probatur.
700 1017 782 1080 Nam
811 1018 898 1080 illam
929 1036 1056 1081 eausam
1086 1035 1180 1098 quam
1212 1015 1390 1097 Spengehus
1413 1033 1446 1077 ex

242 1123 341 1185 verbis
365 1109 480 1185 αὐτίκα
503 1113 541 1210 δὴ
577 1113 665 1204 μάλα
696 1124 827 1206 sumpsit
860 1124 979 1186 nul-lam
1009 1143 1074 1187 esso
1103 1122 1288 1196 videbimus,
1318 1121 1343 1184 si
1374 1121 1446 1184 alios

242 1228 321 1291 looos
344 1229 455 1310 quihus
478 1229 569 1293 verba
591 1217 706 1292 αὐτίκα
728 1220 767 1315 δὴ
787 1219 874 1310 μάλα
901 1231 947 1294 vel
977 1230 1103 1311 simplex
1130 1247 1187 1291 vox
1216 1214 1330 1290 αὐτίκα
1359 1245 1447 1290 usur-

242 1336 354 1416 pantur
376 1335 623 1417 speetaverimus
669 1335 737 1398 Iam
759 1335 952 1416 Nitsohius2)
982 1335 1014 1399 id
1043 1355 1101 1400 non
1132 1334 1280 1398 offendere
1309 1334 1361 1408 ait,
1395 1331 1446 1396 sed

242 1439 321 1504 siout
350 1442 433 1519 §lo
464 1441 556 1505 verba
586 1439 641 1504 καὶ
673 1428 766 1504 πολλ’
791 1437 898 1526 ἕτερα,
929 1421 972 1504 ὧν
1004 1428 1052 1503 3ο)
1076 1427 1114 1503 dv
1137 1428 1239 1516 οἷὸςιε
1261 1423 1287 1502 ὦ
1310 1436 1446 1519 διέξειμι

243 1536 326 1630 πρὸς
348 1535 429 1627 ὑμᾶς
452 1533 567 1609 αὐτίκα
590 1537 628 1634 δὴ
650 1537 752 1628 μάλα,
785 1567 862 1629 quae
892 1549 930 1612 ad
960 1551 979 1628 ξ
1004 1548 1173 1610 loa-125
1202 1546 1360 1609 referenda
1381 1565 1446 1610 esse

241 1653 304 1734 ipse
328 1652 506 1735 Spengelius
516 1657 540 1737 ³)
565 1654 736 1730 existimat,
765 1655 895 1718 orationi
924 1655 1083 1717 inoohatae
1113 1651 1347 1715 condonandum
1370 1672 1445 1725 esse,

241 1778 312 1822 oum
335 1760 410 1822 talia
432 1759 566 1824 excidere
589 1760 706 1842 possint
734 1761 766 1824 in
794 1761 893 1843 prima
922 1759 1158 1841 oonsoriptione‚
1187 1757 1263 1820 dum
1291 1757 1445 1840 dispositio

242 1865 331 1928 modo
347 1865 562 1929 constitutam
579 1866 808 1929 transitionibus
824 1867 958 1948 partium
974 1864 1173 1928 informandis
1188 1864 1320 1927 nimium
1335 1865 1445 1928 valeat.

241 1970 301 2033 Sed
324 1991 361 2034 no
385 1990 421 2034 ea
443 1971 566 2052 quidem
589 1971 835 2052 interpretatione
865 1989 939 2054 opus
961 1973 1016 2034 est.
1062 1970 1142 2033 Nam
1171 1989 1257 2033 voees
1279 1955 1395 2032 odviae
1417 1971 1446 2031 et

241 2063 355 2139 odaiae
378 2067 416 2162 δὴ
436 2068 524 2159 μάλα
545 2098 607 2141 non
629 2097 748 2160 semper
769 2079 872 2141 valent
891 2063 1029 2153 ‘statim'‚
1052 2077 1105 2140 sed
1128 2077 1221 2140 etiam
1235 2061 1327 2139 ‘mox'
1350 2093 1445 2157 aeque

241 2203 277 2246 ao
299 2186 438 2247 nostrum
459 2173 577 2264 ‘gieioh
601 2171 752 2248 naehher'.
799 2183 1011 2262 proavorum
1035 2203 1101 2247 esse
1124 2203 1182 2246 non
1206 2183 1305 2245 solum
1326 2185 1446 2264 praetor

191 2319 195 2326 ·
241 2289 317 2352 illud
343 2291 515 2373 exemplum
544 2310 562 2354 a
592 2290 729 2354 Nitsehio
760 2292 913 2372 prolatum
946 2290 1044 2354 tribus
1078 2289 1144 2353 aliis
1182 2289 1274 2351 huius
1302 2288 1444 2351 orationis

241 2395 327 2470 loeis,
360 2396 412 2458 sed
444 2397 537 2460 etiam
569 2397 712 2478 exemptis
747 2417 782 2460 ex
805 2397 934 2459 aliorum
963 2396 1144 2479 scriptorum
1171 2394 1311 2476 operibus
1342 2394 1444 2476 petitis

240 2501 464 2582 eomprobatur.
523 2502 606 2566 Nam
639 2503 731 2566 huius
762 2503 903 2566 orationis
939 2505 958 2582 ξ
988 2503 1049 2565 169
1080 2501 1177 2565 verbis
1204 2494 1232 2563 εἰ
1265 2495 1370 2563 τοίνυν
1403 2488 1446 2575 ὡς

239 2593 380 2691 ἀληθῶς,
406 2590 431 2669 ὦ
454 2593 563 2692 ἄνδρες
577 2594 758 2694 Ἀθηναῖοι,
785 2597 902 2693 οἷάπερ
930 2598 1026 2694 φήσει
1056 2604 1111 2669 καὶ
1141 2596 1444 2684 καταλαζονεῦσεται

239 2703 322 2797 πρὸς
351 2702 432 2794 ὑμᾶς
459 2700 575 2776 dociae
604 2703 642 2799 a)
671 2703 758 2794 μάλα
788 2735 817 2776 κ.
834 2736 862 2777 τ.
879 2713 907 2776 λ.
930 2733 978 2777 res
1011 2714 1222 2795 significantur
1243 2733 1302 2777 non
1327 2715 1444 2786 statim,

240 2819 292 2882 sed
308 2819 464 2901 aliquanto
481 2821 624 2902 temporis
639 2821 811 2884 intermisso
827 2821 939 2895 futura,
955 2839 1027 2883 oum
1043 2822 1133 2883 antea
1149 2820 1443 2900 quae5169——227

239 2925 432 2989 eontinentur
465 2946 484 2990 a
514 2927 718 2991 Demosthene
745 2927 922 3009 proferenda
951 2927 1022 2990 sint.
1083 2925 1198 2990 Deinde
1226 2927 1245 3004 ξ
1277 2925 1339 2988 190
1369 2928 1444 2990 haee

238 3031 403 3095 habemus:
426 3018 508 3095 ἄλλα
529 3022 631 3116 τούτῳ
659 3023 786 3109 πάντας
814 3019 929 3096 αὐτίκα
958 3023 997 3118 δὴ
1031 3021 1119 3112 μάλα
1148 3028 1444 3113 συνεξεταζομένους

238 3126 311 3212 τοὺς
333 3127 466 3222 ῥήτορας
489 3124 611 3222 dipeo‘d'
635 3135 757 3225 ἑφεξῆς,
783 3141 929 3214 attamen,
946 3141 1112 3219 antequam
1128 3140 1261 3201 oratores
1277 3157 1330 3219 pro
1345 3138 1442 3202 Midia
1538 3185 1539 3222 ι

238 3242 351 3318 dioant,
375 3246 406 3306 et
427 3244 649 3308 Demosthenes
672 3264 751 3326 quae
772 3245 842 3309 inde
865 3264 883 3308 a
906 3247 925 3324 ξ
950 3244 1121 3308 190-227
1144 3245 1289 3323 leguntur
1309 3244 1443 3325 prolatu·

236 3367 289 3412 rus
312 3351 342 3412 et
364 3349 474 3412 Midias
497 3353 602 3414 eontra
624 3351 862 3415 Demosthenem
884 3351 976 3415 verba
998 3350 1136 3413 faetums
1159 3353 1214 3413 est.
1259 3349 1339 3412 Tum
1362 3349 1442 3431 qnod

237 3455 426 3535 signifieatur
447 3457 543 3535 §221
568 3457 668 3520 verbis
692 3443 783 3542 ὁρᾶτε
806 3453 851 3519 δέ·
875 3442 990 3518 αὐτίκα
1005 3446 1044 3541 δὴ
1059 3446 1146 3536 μάλα
1169 3445 1303 3518 ἐπειδὰν
1324 3442 1443 3539 ἀναστῇ

236 3550 274 3622 τὸ
297 3551 510 3647 δικαστήριον,
535 3551 582 3638 εἷς
605 3557 741 3638 ἕκαστος
763 3551 858 3642 ὑμῶν,
891 3552 907 3625 ὁ
930 3560 988 3642 μὲν
1010 3558 1133 3625 θᾶττον
1154 3554 1242 3639 ἴσως,
1267 3550 1284 3623 ὁ
1308 3557 1344 3624 δὲ
1367 3581 1440 3642 οχο-

236 3659 380 3752 λαίτερον
403 3653 507 3731 οἴκαδ’
530 3653 796 3731 dioecesanei.
820 3688 879 3732 non
903 3669 1009 3733 statim
1031 3670 1074 3744 fit,
1098 3668 1152 3733 sed
1166 3671 1235 3750 post
1250 3668 1442 3750 aliquantum

237 3894 325 3948 omnia
336 3894 435 3949 Midiae
453 3897 569 3950 faeinoxa
587 3897 615 3948 in
634 3897 713 3949 deum
731 3900 757 3949 et
776 3898 804 3949 in
816 3897 1020 3951 Demosthenem
1039 3895 1180 3949 commissa
1198 3895 1312 3948 breviter
1325 3912 1440 3964 eompre-

235 3983 394 4038 henduntur.

326 4073 345 4139 ¹)
364 4073 395 4125 In
413 4071 542 4142 Philolog.
561 4072 642 4126 XVII
660 4089 684 4140 p.
704 4074 763 4126 611.

324 4160 345 4228 ¹2)
363 4161 403 4213 De
429 4160 583 4214 traiciendis
611 4161 730 4229 partibus
760 4160 788 4212 in
811 4161 997 4214 Demosthenis
1024 4160 1193 4214 orationihus.
1213 4161 1282 4214 Diss.
1307 4161 1392 4215 Berol.
1417 4177 1439 4213 a.

238 4247 305 4302 1863
323 4265 348 4316 p.
367 4249 409 4302 81.

324 4337 345 4405 ⁸)
363 4335 393 4390 L.
411 4335 429 4391 1.
