3142 4834
25 1543 26 1552 ἵ
200 1425 435 1526 Demosthenis
464 1461 496 1522 in
518 1459 646 1522 Midiam
669 1459 818 1535 oratione,
847 1478 908 1542 qua
935 1461 1022 1524 nulla
1051 1460 1113 1524 fere
1136 1461 1196 1524 alia
1219 1462 1317 1542 magis

120 1565 253 1630 studium
276 1567 408 1630 virorum
431 1565 588 1630 doctorum
618 1566 776 1634 excitarit,
804 1569 870 1630 tam
897 1567 997 1629 multa
1026 1567 1219 1631 continentur
1240 1586 1318 1648 quae

119 1671 272 1736 offensioni
301 1671 424 1736 lnemnt
450 1676 487 1734 ut
513 1691 574 1735 non
605 1672 703 1735 solum
733 1691 838 1736 omnes
869 1672 921 1752 qui
952 1672 984 1735 in
1018 1691 1053 1736 ea
1087 1673 1255 1736 enarranda
1288 1677 1320 1736 et

120 1778 307 1842 emendanda
340 1797 462 1860 operam
498 1777 721 1841 collocaverunt
752 1796 820 1841 eam
855 1796 874 1840 a
902 1777 1106 1842 Demosthene
1140 1779 1319 1861 perpolitam

18 1879 19 1912 f
120 1901 181 1948 esse
203 1884 397 1964 negaverint,
426 1883 479 1948 sed
508 1884 601 1946 etiam
624 1884 760 1946 nonnulli
789 1884 882 1948 talem
912 1885 1012 1965 qualis
1043 1885 1156 1948 tradita
1178 1889 1258 1948 esset
1280 1883 1318 1948 ab

118 1988 166 2052 illo
189 2010 249 2054 non
272 1989 438 2071 profectam
469 1988 522 2052 sed
551 2009 570 2052 a
592 1989 713 2052 librario
742 1989 843 2071 aliquo
869 1993 924 2053 aut
953 2009 988 2054 ex
1011 1989 1129 2053 duabus
1153 1989 1319 2054 decadem

119 2096 356 2160 morationibus
387 2099 441 2158 aut
469 2115 505 2158 ex
535 2094 658 2158 scidulis
686 2113 705 2158 a
732 2085 937 2160 Demosthene
966 2095 1143 2177 conscriptis
1172 2096 1320 2178 congluti-

118 2203 219 2265 natam
244 2221 311 2265 esse
334 2201 472 2264 dixerint.
519 2200 579 2264 Sed
601 2220 671 2264 cum
694 2201 793 2264 multa
818 2201 929 2264 iniuria
949 2202 1119 2282 vituperata
1142 2221 1207 2265 esse
1230 2203 1261 2264 in
1284 2221 1320 2266 ea

117 2309 251 2372 oratione
274 2326 371 2388 neque
393 2307 415 2369 ii
438 2307 490 2388 qui
512 2307 591 2371 hanc
606 2308 773 2370 orationem
796 2307 952 2370 alibrario
968 2311 1143 2386 congestam
1167 2327 1233 2371 esse
1249 2327 1320 2371 con-

117 2413 246 2477 tendunt
269 2413 343 2476 satis
377 2413 473 2476 firmis
502 2413 691 2494 argumentis
731 2432 796 2476 rem
826 2413 1066 2494 comprobavisse
1100 2413 1177 2476 mihi
1197 2413 1320 2477 videan-

118 2521 166 2582 tur
194 2525 226 2582 et
258 2519 413 2582 neminem
445 2519 545 2582 adhuc
578 2521 658 2583 reete
687 2519 723 2583 de
752 2519 817 2583 eius
850 2519 1042 2601 dispositione
1068 2519 1219 2583 iudicasse
1254 2538 1321 2601 per·

117 2643 246 2688 suasum
267 2625 343 2688 mihi
365 2625 413 2699 sit,
443 2643 550 2707 operae
580 2625 712 2706 pretium
736 2644 800 2689 esse
829 2628 902 2706 puto
932 2625 1042 2707 quibus
1074 2626 1261 2706 argumentis
1284 2644 1319 2688 ea

117 2750 192 2810 quae
216 2730 255 2794 de
277 2729 430 2794 Midiauae
452 2730 623 2794 condicione
654 2750 690 2794 ac
712 2731 907 2812 dispositione
935 2732 1053 2813 prolata
1082 2734 1155 2794 sunt
1182 2732 1321 2794 nitantur

117 2837 250 2918 quidque
283 2837 359 2899 mihi
389 2835 425 2899 de
458 2837 517 2898 illis
552 2837 642 2900 rebus
672 2837 870 2900 statuendum
898 2855 964 2901 esse
994 2836 1133 2900 videatur
1166 2855 1319 2919 exponere.

116 2946 217 3025 Atque
240 2943 283 3005 ita
306 2943 592 3006 commentationem
615 2942 774 3007 instituere
794 2943 869 3005 mihi
892 2943 923 3005 in
943 2942 1045 3005 animo
1069 2945 1116 3006 est
1137 2947 1173 3005 ut
1187 2948 1320 3024 primum

21 3125 22 3132 ἵ
116 3048 289 3112 examinem
311 3048 421 3128 quibus
444 3049 545 3111 causis
568 3048 623 3111 viri
646 3048 725 3111 docti
748 3047 871 3111 adducti
898 3048 960 3111 sint
984 3053 1021 3111 ut
1047 3049 1127 3111 hano
1155 3049 1320 3112 orationem

117 3154 365 3218 aDemosthene
396 3154 573 3236 perpolitam
599 3173 658 3217 non
691 3173 756 3217 esse
784 3153 986 3227 affirmarent,
1016 3153 1122 3217 deinde
1150 3154 1188 3216 de
1216 3172 1320 3217 eorum

116 3260 279 3325 sententiis
303 3260 355 3341 qui
377 3279 446 3323 eam
469 3279 487 3323 a
509 3259 630 3323 librario
651 3260 750 3341 aliquo
773 3260 971 3341 compositam
995 3278 1061 3323 esse
1087 3262 1196 3342 putant
1219 3259 1321 3341 dispu-

116 3369 189 3442 tem,
213 3369 281 3430 tum
304 3385 397 3447 quam
421 3365 647 3448 dispositionem
670 3366 701 3428 in
717 3385 753 3429 ea
774 3366 872 3429 inesse
888 3364 944 3428 viri
959 3365 1039 3428 docti
1056 3366 1230 3430 censuerint
1252 3385 1322 3428 con-

115 3473 254 3554 templer,
276 3475 428 3553 postremo
450 3490 597 3554 exponam
620 3469 692 3553 quid
724 3473 787 3554 ipse
811 3471 848 3536 de
877 3471 941 3534 eius
973 3470 1143 3534 condicione
1166 3489 1202 3535 ac
1224 3471 1322 3553 dispo-

116 3579 224 3642 sitione
245 3577 385 3642 iudicem.

205 3685 250 3747 Ae
278 3684 411 3766 primum
440 3683 563 3764 quidem
586 3684 724 3747 Blassius
736 3685 759 3767 ¹)
792 3683 851 3746 duo
880 3683 1031 3765 prooemia
1058 3683 1089 3745 in
1119 3682 1203 3747 initio
1225 3683 1322 3746 huius

116 3789 262 3854 orationis
284 3790 383 3854 inesse
407 3789 577 3864 contendit,
606 3809 737 3870 quorum
760 3789 891 3852 altemm
919 3789 948 3870 (ξ
974 3789 1070 3872 5-8)
1101 3788 1322 3871 quodammodo

116 3916 189 3960 cum
221 3896 258 3958 iis
291 3914 369 3977 quae
399 3895 460 3976 §4
487 3895 629 3959 dicantur
655 3899 778 3977 pugnet.
831 3894 917 3974 Quod
941 3914 994 3958 suo
1017 3895 1081 3958 iure
1110 3896 1158 3959 ille
1180 3894 1321 3958 affirmat.

116 4002 201 4066 Nam
223 4001 240 4082 ἓ
262 4002 345 4064 1-4
361 4001 580 4065 Demosthenes
604 4002 677 4065 dicit
691 4022 727 4066 err
742 4002 974 4066 Atheniensium
995 4001 1112 4080 legibus
1137 4020 1169 4064 se
1185 4000 1321 4076 Midian,

118 4127 191 4171 cum
215 4108 254 4170 ab
277 4127 310 4171 eo
333 4111 365 4172 et
386 4127 440 4190 per
461 4108 633 4188 charegiam
655 4109 761 4172 multis
784 4107 902 4171 iniuriis
933 4110 964 4169 et
986 4107 1034 4169 die
1056 4107 1133 4170 festo
1160 4107 1256 4189 plagis
1279 4107 1323 4169 af-

211 4337 229 4402 ¹)
246 4335 319 4390 Blals
338 4335 457 4390 Attiseho
475 4335 671 4388 Beredsamkeit
689 4336 752 4388 ΙΠ1
771 4353 795 4402 p.
815 4334 874 4388 290.
