3142 4834
825 242 872 306 36.

242 449 380 532 pluribus
403 450 494 514 huius
517 453 660 516 orationis
681 452 756 516 loeis
788 451 938 527 adductus
961 457 1022 528 est,
1052 455 1087 516 nt
1118 453 1247 517 Midiom
1267 453 1455 518 insolentiae

245 543 386 639 (ὕβρεως)
404 576 422 620 a
437 557 641 622 Demosthene
657 558 688 621 in
703 559 751 621 ins
768 561 909 622 vooatum
925 577 991 623 esse
1007 561 1163 622 statueret.
1195 557 1255 622 Sed
1270 559 1415 623 Blassius
1428 559 1453 642 ¹)

243 662 396 742 religionis
418 663 518 726 laesae
543 654 716 746 (ἀσεβείας)
740 664 855 728 orimen
876 664 920 726 ilii
942 665 1097 728 intentum
1119 683 1185 728 esse
1210 684 1263 728 suo
1278 665 1344 728 inre
1369 665 1457 729 affir-

242 770 316 832 mat.
361 767 443 833 Nam
466 787 654 850 quamquam
683 770 891 852 oompluribus
921 770 994 834 loois
1007 770 1031 854 2)
1062 769 1140 834 effioi
1169 771 1289 834 videtur
1318 771 1456 834 Midiam

332 1034 352 1100 ¹)
370 1021 400 1087 L.
420 1032 436 1087 l.
457 1050 482 1101 p.
502 1033 553 1088 290
572 1033 631 1089 adn.
650 1033 674 1088 2.
813 1102 817 1108 ¹

331 1121 351 1189 2)
369 1122 384 1189 ξ
403 1122 417 1173 1
438 1137 476 1190 sq.
510 1115 561 1192 ἐγώ
579 1113 611 1184 δ’,
631 1113 696 1192 ὅπερ
715 1114 749 1173 ἂν
766 1126 811 1173 καὶ
827 1114 900 1189 ὑμῶν
918 1125 1028 1176 ἕκαστος
1054 1115 1194 1193 ἐβρισθεὶς
1217 1120 1357 1193 προείλετο
1381 1121 1457 1194 προῖ-

243 1207 294 1272 ξαι,
313 1207 393 1260 τοῖιτο
410 1214 454 1260 καὶ
473 1202 550 1264 αὐτὸς
569 1213 701 1275 ἐποίησα.
716 1249 721 1260 .
736 1250 741 1260 .
756 1250 761 1260 .
782 1203 873 1274 ἐπειδὴ
886 1208 916 1262 δέ
929 1250 934 1260 ,
949 1250 954 1261 .
969 1251 974 1262 ,
989 1251 994 1260 .
1014 1203 1028 1262 ὁ
1041 1207 1122 1278 δῆμος
1135 1203 1205 1264 άπας
1223 1203 1305 1265 οὕτως
1322 1203 1457 1282 ιόργίσθη

241 1303 285 1348 καί
311 1293 478 1367 παρωξάνθη
502 1302 546 1348 καὶ
570 1293 674 1368 σφόδρα
699 1294 866 1350 ἐσπούδασεν
891 1291 932 1368 ἐφ’
956 1297 993 1352 οἷς
1016 1291 1166 1367 ἠδικημένῳ
1187 1319 1234 1368 μοι
1258 1295 1388 1370 συνῄδει.
1405 1341 1411 1350 .
1429 1340 1456 1351 ..

241 1383 337 1438 πολλοί
345 1406 391 1453 μοι
402 1381 558 1456 προσιόντες
571 1426 576 1437 .
591 1427 596 1436 .
611 1427 616 1436 .
631 1427 636 1436 .
650 1379 741 1451 ἠξίουν
758 1391 802 1436 καὶ
819 1383 1025 1457 παρεκελεύοντο
1044 1385 1201 1446 ἐπεξελθεῖν
1217 1392 1262 1438 καὶ
1279 1385 1457 1458 παραδοῦναι

240 1473 337 1525 τοῦτον
355 1475 390 1528 εἰς
407 1467 480 1542 ὑμᾶς,
499 1467 534 1529 οῖς
550 1478 601 1542 μέν
626 1477 685 1542 ἐμοὶ
709 1472 794 1536 δοκεῖ,
823 1467 859 1527 δι’
878 1468 1007 1545 οῖμφότερ’
1021 1515 1026 1526 .
1041 1515 1046 1526 .
1061 1515 1088 1527 ,.
1113 1481 1158 1526 καὶ
1182 1468 1256 1528 δεινὰ
1276 1475 1456 1528 πεπονθέναι.

243 1563 397 1629 νομίζοντες
410 1566 456 1631 ἐμὲ
467 1583 489 1614 ιι,
499 1582 523 1614 τ,
534 1561 564 1625 ί,
585 1563 681 1631 quibus
691 1562 780 1616 verbis
799 1564 884 1616 orator
894 1562 1002 1615 videtin
1019 1563 1168 1632 significare
1185 1581 1237 1617 non
1254 1565 1309 1616 tam
1321 1563 1457 1632 religione

241 1649 313 1703 laesa
337 1666 417 1718 quam
439 1651 538 1705 iniuria
563 1651 616 1719 ipsi
638 1651 712 1704 illata
735 1652 762 1704 ot
785 1667 813 1704 se
837 1653 868 1703 ut
899 1650 1011 1705 Midiam
1035 1653 1171 1705 aecusanet
1199 1653 1226 1704 et
1251 1651 1349 1704 multos
1373 1652 1455 1706 cives

243 1739 274 1791 ut
297 1754 393 1806 poenes
419 1740 450 1792 de
482 1739 566 1793 Midia
595 1740 737 1793 sumendas
768 1755 826 1794 esse
856 1742 992 1792 censerent
1019 1743 1161 1794 commotos
1185 1755 1255 1807 esse3
1279 1740 1374 1793 deinde
1400 1743 1454 1810 §7

241 1827 321 1881 verba
338 1833 382 1878 καὶ
400 1821 452 1898 γάρ
470 1820 539 1880 οῖῖτω
561 1847 617 1882 πως
641 1832 695 1896 ἔχει
696 1869 782 1890 .....
806 1820 934 1898 ῖβρισμαι
956 1831 1006 1895 μέν
1030 1823 1082 1899 ἐγὼ
1104 1833 1148 1879 καί
1175 1824 1393 1899 προπηλάκισται
1420 1824 1454 1881 τό

242 1914 318 1984 σῶμα
336 1908 435 1984 τοῦμδν
451 1911 520 1978 τότε,
541 1908 693 1986 ἀγωνιεῖται
712 1914 796 1968 δὲκαὶ
813 1912 975 1987 κριθήσεται
992 1909 1023 1967 τό
1041 1915 1152 1987 πρᾶγμα
1170 1922 1229 1968 νυνὶ
1246 1913 1362 1986 πότερον
1381 1915 1454 1977 ἑξεῖ-

141 2001 142 2004 ¹
240 2024 285 2055 ναι
304 2001 347 2056 δεῖ
362 1998 398 2056 τά
415 2003 525 2056 τοιαῦτα
543 2009 631 2056 ποιεῖν
648 2009 692 2055 καὶ
711 2007 746 2060 είς
762 1997 811 2056 τόν
827 1997 941 2072 τυχόνθ’
954 1997 1028 2072 ὑμῶν
1041 1997 1123 2060 οῖδεῶς
1135 1997 1252 2075 ὑβρίζειν
1264 1999 1281 2070 ἢ
1292 2001 1329 2072 μή
1342 2025 1401 2056 κ.τ.
1414 2005 1454 2068 λ.,·

243 2094 301 2144 tum
313 2093 328 2160 ξ
341 2092 375 2146 92
387 2098 474 2144 καίτοι
492 2093 516 2143 εἰ
532 2086 607 2163 παρὰ
624 2091 680 2144 τοῖν
698 2099 797 2164 ἐρημον
814 2089 1084 2158 καταδιαιτησάντων
1101 2087 1182 2145 αὐτοῦ
1193 2090 1354 2158 τηλικαύτην
1367 2091 1451 2160 δίκην

242 2165 316 2235 οὗτος
334 2175 406 2240 άξιοῖ
423 2177 577 2248 λαμβάνειν,
597 2174 648 2232 τίν)
666 2174 728 2249 ὑμῖν
746 2177 875 2250 προσήκει
886 2175 960 2252 παρά
972 2178 1068 2233 τούτου
1085 2179 1178 2250 λαβεῖν
1189 2180 1237 2233 τοῦ
1255 2181 1375 2252 φανεραῖς
1386 2177 1453 2238 τους

240 2263 379 2340 ὑμετέρους
405 2265 501 2337 νόμους
525 2262 567 2340 ἐφ’
594 2261 669 2338 ῖῖβρει
701 2274 916 2340 παραβαίνοντος
923 2291 931 2332 ,’
964 2270 987 2320 εἰ
1010 2264 1062 2341 γάρ
1092 2263 1186 2338 άτιμία
1214 2275 1258 2321 καὶ
1284 2266 1375 2338 νόμων
1404 2277 1452 2322 καὶ

241 2355 321 2409 δικιῖιν
338 2362 382 2408 καὶ
399 2353 511 2410 πάντων
529 2361 651 2428 στέρησις
670 2361 769 2409 ἐκείνου
787 2350 969 2425 τάδικήματος
990 2354 1163 2428 προσήκουσά
1188 2362 1246 2410 ἐστι
1264 2356 1332 2423 δίκη,
1351 2355 1400 2423 τῆς
1419 2380 1452 2430 γε

240 2437 340 2514 ῖῖβρεως
357 2439 438 2515 μικρά
457 2441 579 2501 θάνατος
597 2451 737 2516 φαίνεται,Ι
763 2445 829 2514 §97
854 2439 909 2496 εἶθ’
933 2438 1005 2514 ὑμεῖς
1027 2440 1076 2497 τόν
1094 2439 1176 2502 οδτως
1193 2439 1273 2514 εόμόν,
1297 2439 1347 2498 τόν
1365 2439 1452 2503 οὕτως

241 2525 396 2604 άγνεόμονα,
422 2527 471 2586 τόν
497 2531 653 2599 τηλικαέπας
677 2533 749 2590 δίκας
767 2531 941 2602 λαμβάνοντα
959 2519 998 2585 τόν
1015 2527 1092 2588 αὐτὸς
1110 2527 1259 2600 ἠδικῆσθαι
1278 2540 1345 2604 φησὶ
1362 2531 1451 2604 μόνον

241 2615 282 2689 (οό
299 2615 351 2692 γάρ
370 2615 479 2688 ἠδίκητό
490 2624 538 2693 γε),
557 2621 655 2674 τοῦτον
672 2615 816 2693 ἐβρίζοντα
834 2619 960 2690 λαβόντες
978 2623 1014 2677 εἴς
1030 2642 1094 2674 τινα
1111 2621 1167 2674 τοῖν
1182 2621 1299 2676 πολιτῶν
1318 2615 1449 2692 άφήσετε,

239 2731 261 2762 κ.
274 2729 298 2761 τ.
312 2707 333 2761 λ.
353 2711 367 2778 ξ
387 2710 436 2764 105
455 2726 493 2778 sq.
514 2703 569 2761 ἀλλ’
589 2704 650 2763 οόδέ
667 2703 732 2779 πρὸς
750 2703 792 2765 otis
811 2709 899 2781 ἐλεγεν
917 2703 1011 2766 aowin
1028 2703 1153 2782 ήσχόνθη
1168 2752 1173 2763 .
1188 2751 1193 2762 ,
1208 2751 1213 2762 .
1228 2751 1233 2762 .
1248 2703 1303 2762 ἀλλ’
1322 2713 1371 2763 ένα
1383 2705 1452 2782 δρον

241 2799 355 2867 θέμενος
372 2803 454 2850 παντί
472 2795 564 2869 τρόπῳ
589 2819 623 2866 με
649 2791 752 2850 άνελεῖν
774 2791 851 2852 οόδέν
873 2797 1003 2851 ἐλλείπειν
1025 2791 1093 2864 ᾤετο
1115 2797 1185 2862 δεῖν,
1211 2792 1246 2854 ως
1269 2797 1345 2862 δέον,
1366 2800 1393 2852 εῖ
1407 2821 1449 2857 τις

240 2882 379 2956 ὑβρισθεὶς
397 2880 448 2940 ἐπὸ
466 2883 562 2939 τούτου
581 2885 653 2952 δίκης
671 2879 743 2947 άξιοῖ
752 2892 842 2955 τυχεῖν
858 2893 903 2938 καὶ
921 2881 958 2956 μή
972 2886 1068 2952 σιωπᾷ,
1087 2885 1184 2939 τοῦτον
1195 2884 1333 2957 ἐξόριστον
1346 2881 1448 2961 οἰνηρῇ-

241 2975 311 3027 σθαι
325 3016 330 3026 ,
345 3016 350 3026 .
365 3016 390 3027 ,.
409 2981 495 3028 καίτοι
513 2970 595 3026 ταῦθ’
613 2967 681 3027 όταν
699 2973 843 3047 ἐξελεγχθῇ
861 2975 947 3028 ποιεῖν
964 2970 1029 3046 πρὸς
1053 2974 1090 3030 οἷς
1107 2967 1200 3046 όβριζέ
1215 2997 1249 3044 με
1264 2975 1445 3048 χορηγοῦντα,

239 3069 310 3118 τίνος
330 3060 483 3134 συγγνώμης
501 3057 517 3128 ἢ
535 3070 607 3118 τίνος
626 3062 698 3116 ἐλέου
716 3060 822 3118 δικαίως
839 3060 959 3124 τεύξεται
969 3057 1033 3134 παρ’
1046 3057 1133 3132 όμιῖιν;
1147 3103 1152 3114 .
1166 3103 1172 3114 .
1187 3104 1192 3115 .
1207 3104 1212 3115 .
1227 3065 1250 3115 εἰ
1266 3060 1327 3136 γάρ,
1347 3061 1393 3117 ἐάν
1405 3085 1447 3120 τις

239 3145 314 3222 παρά
331 3147 433 3205 πάντας
450 3145 509 3206 τοὺς
525 3147 621 3219 νόμους
633 3145 772 3222 ὑβρισθείς
789 3145 839 3203 ὑπὸ
853 3149 964 3204 Μειδίου
982 3152 1100 3220 βοηθεῖν
1118 3145 1189 3218 αὑτῷ
1206 3152 1339 3224 πειρᾶται,
1358 3151 1446 3205 ταῦτα

238 3245 283 3290 καί
293 3232 401 3290 τοιαῦθ’
415 3232 482 3309 ἕτερ’
492 3232 564 3306 αὐτῷ
574 3240 678 3292 παθεῖν
690 3233 807 3310 ὑπάρξει,
826 3245 984 3310 προσκυνεῖν
996 3234 1056 3295 τοὺς
1068 3233 1224 3311 ὑβρίζοντας
1237 3234 1327 3312 ὥσπερ
1346 3245 1376 3293 ἐν
1387 3248 1445 3298 τοῖς

238 3322 393 3398 βαρβάροις,
414 3320 459 3380 οόκ
477 3321 631 3396 άμόνεοθαι
648 3324 793 3397 κράτιστον
812 3330 895 3380 ἔσται.
922 3330 937 3397 §
956 3328 1007 3382 100
1026 3329 1049 3379 εἰ
1066 3335 1123 3397 μέν,
1143 3315 1166 3380 οῖ
1183 3322 1277 3400 ἄνδρες
1291 3322 1444 3395 Ἀθηναῖοι,

240 3413 389 3485 φιλοτιμίας
408 3419 483 3468 ἕνεκα
501 3413 603 3482 ταύτην
620 3415 687 3486 (scil.
701 3411 752 3483 τὴν
762 3413 869 3488 τριήρη)
888 3414 1026 3478 ἐπέδωκεν,
1047 3410 1080 3482 ἢν
1097 3413 1224 3487 προσήκει
1241 3415 1297 3469 τοῖν
1313 3414 1445 3470 τοιοάτων

240 3505 310 3571 ἔχειν
329 3500 418 3575 χάριν,
443 3501 544 3570 ταύτην
569 3508 643 3574 ἔχετε
665 3498 737 3572 αότῷ
761 3504 827 3574 (scil.
854 3503 963 3574 Μειδίᾳ)
986 3511 1030 3556 καὶ
1053 3498 1181 3568 άπόδοτε,
1211 3499 1329 3576 ὑβρίζειν
1351 3503 1382 3556 δέ
1406 3500 1445 3574 μή

239 3588 314 3642 δῶτε·
335 3593 350 3660 ξ
364 3592 415 3646 170
433 3585 488 3643 ἄλλ’
507 3586 576 3661 ὅμως
589 3587 677 3646 οόδενὶ
693 3590 804 3647 πιόποτε
818 3589 921 3645 τούτων
939 3590 1072 3646 δεδώκατε
1088 3587 1140 3659 την
1152 3587 1256 3663 δωρεὰν
1273 3589 1375 3658 ταύτην
1387 3587 1444 3646 οόδ

243 3672 277 3730 ἂν
295 3677 392 3745 δοίητε,
413 3678 510 3739 ἐξεῖναι
527 3675 587 3736 τοὺς
605 3680 685 3737 ἰδίους
703 3676 817 3752 ἐχθροὺς
834 3674 952 3753 ὑβρίζειν
970 3675 1058 3734 αὐτῶν
1076 3678 1186 3747 ἑκάστῳ,
1206 3673 1281 3734 ὁπότ’
1295 3675 1329 3732 άν
1346 3679 1444 3750 βούλη-

238 3787 283 3818 ται
302 3774 346 3819 καὶ
364 3759 395 3820 δν
414 3763 448 3819 ἂν
466 3764 576 3832 δύνηται
594 3765 701 3838 τρόπον.
738 3772 753 3839 §
771 3771 830 3839 207,
853 3770 900 3823 ubi
920 3770 951 3823 do
968 3770 1072 3823 Eubulo
1089 3786 1137 3838 pro
1154 3768 1238 3823 Midia
1255 3771 1359 3824 oraturo
1376 3771 1444 3825 haec

239 3855 377 3909 dicuntur:
395 3851 433 3925 μὴ
444 3850 496 3928 γάρ
509 3859 578 3908 ἐστιο
590 3854 682 3924 μηδεὶς
700 3864 730 3909 ἐν
747 3857 913 3928 δημοκρατία
930 3856 1080 3922 τηλικοῖσος
1098 3850 1167 3909 ὥστε
1184 3852 1316 3910 συνειπών
1333 3852 1445 3929 τὸνμὲν

237 3938 377 4016 ὑβρίσθαι,
397 3939 445 3998 τόν
463 3943 493 3998 δὲ
510 3939 546 4013 μή
567 3943 660 3998 δοῦναι
678 3943 755 4011 δίκην
771 3945 891 4011 ποιῆσαι,
910 3946 990 4013 §216
1009 3939 1100 4004 ἐπειδὴ
1119 3944 1149 3998 δέ
1166 3943 1382 4017 κεχειροτόνηται
1392 3953 1445 4017 μέν

238 4026 311 4105 όβρις
329 4028 360 4087 τό
378 4033 490 4106 πρᾶγμα
509 4032 589 4096 εῖναι,
615 4037 644 4085 ἐν
667 4033 727 4105 ἱερῷ
751 4027 775 4088 δ’
794 4033 821 4087 οἱ
836 4034 921 4086 ταῦτα
939 4038 1072 4104 κρίνοντες
1089 4031 1266 4102 καθεζόμενοι
1284 4031 1443 4106 διέγνωσαν,

238 4120 358 4191 διέμεινα
376 4117 401 4175 δ>
420 4117 472 4195 ἐγω
489 4127 533 4174 καὶ
551 4116 581 4176 osi
598 4118 738 4194 προύδωκα
758 4116 818 4175 οὔθ’
833 4116 898 4192 ὑμᾶς
911 4115 965 4175 otc‘
985 4118 1106 4190 ἐμαυτόν,
1125 4117 1258 4188 τηνικαῦτ’
1277 4115 1444 4194 άποφηφιεῖ-

240 4211 294 4264 σθε
306 4206 384 4281 ὑμεῖς.
402 4211 537 4266 Postremo
549 4214 639 4268 tamon
650 4211 707 4267 looo
719 4212 800 4266 verba
812 4204 885 4283 ῖβριε
896 4205 927 4263 τὸ
939 4209 1049 4282 πρᾶγμα
1063 4210 1130 4262 εἶναι
1142 4211 1218 4264 valde
1231 4213 1354 4279 suspecta
1371 4218 1444 4284 sunt,

239 4317 300 4354 oum
319 4301 413 4356 noteris
431 4302 513 4354 huius
540 4301 665 4356 orationis
688 4301 754 4356 loeis
777 4301 824 4354 nbi
848 4301 913 4354 haee
931 4297 1038 4368 probola
1055 4297 1084 4349 in
1101 4297 1209 4352 Midian
1228 4299 1352 4352 instituta
1369 4316 1444 4354 nom-
