3142 4834
826 227 866 288 20

243 437 312 500 dere
336 439 470 500 conetur.
516 437 584 499 Duc
607 437 672 500 eius
694 440 877 518 argumenta
900 438 962 501 iam
985 457 1077 520 supra
1107 438 1146 520 (p.
1172 439 1312 522 11-13)
1338 441 1448 504 ubido

232 543 278 634 ‚iis
307 561 385 624 quae
408 542 659 606 Wachcndorfius
690 543 816 607 coniecit
844 545 935 607 verba
963 543 1090 608 fecimus
1118 545 1226 609 inanes
1250 565 1316 609 esse
1340 566 1450 627 cogno-

242 650 355 725 vimus
385 651 416 712 et
444 667 482 713 ne
513 667 548 712 ea
577 649 700 730 quidem
723 667 801 730 quae
830 652 986 732 praeterea
1009 650 1121 732 profert
1149 652 1285 715 multum
1315 653 1355 716 ad
1384 654 1448 716 eius

241 756 427 820 sententiam
449 755 690 818 confirmandam
712 756 822 819 valent.

328 883 373 942 Ac
395 879 529 961 primum
552 880 676 960 quidem
699 879 750 942 illc
774 879 929 942 contendit
952 898 1011 943 non
1035 879 1191 945 concinere
1214 881 1295 944 inter
1318 901 1350 945 se
1370 901 1449 963 quae

240 986 316 1068 §20
339 989 370 1049 et
393 1005 470 1066 quac
493 986 569 1068 §23
593 986 743 1065 legantur.
773 984 846 1067 §19
870 987 901 1048 et
916 987 957 1046 20
981 986 1062 1048 enim
1083 973 1184 1049 verbis
1209 981 1271 1066 ἔχω
1294 983 1330 1048 δὲ
1345 983 1449 1072 λέγειν

239 1090 294 1154 καί
326 1086 482 1176 πονηρίας
513 1086 623 1176 ἑτέρας
650 1088 869 1176 παμπληθεῖς
891 1076 987 1152 αἰτοῦ
1016 1090 1071 1153 καί
1099 1079 1205 1176 δβρεις
1235 1087 1281 1169 εἷς
1309 1084 1450 1170 πολλοὺς

238 1187 325 1277 ’ὑμῶν
346 1196 402 1260 καί
426 1187 614 1282 τολμήματα
635 1193 828 1280 ταῦ-μιαροῦ
850 1186 963 1259 ταότσο
990 1187 1097 1260 πολλὰ
1119 1195 1176 1260 καί
1205 1190 1292 1261 δεινὰ
1321 1185 1374 1286 εἰμ’
1399 1189 1451 1275 οἷς

238 1301 301 1366 τῶν
323 1293 543 1367 πεπονθότων
567 1296 596 1365 οἳ
620 1299 687 1382 μέν,
713 1286 863 1386 ὦόίνδρες
886 1298 1047 1380 δικασταί,
1071 1299 1316 1381 καταδείσαντες
1336 1302 1449 1368 τοῦτον

238 1407 293 1473 καί
316 1400 353 1472 τό
374 1399 487 1472 τοότου
510 1400 635 1493 θράσος
665 1406 720 1470 καί
750 1397 823 1484 τοὺς
845 1405 921 1493 περὶ
945 1395 1039 1470 αότδν
1062 1403 1206 1494 ἑταίρους
1228 1408 1284 1473 καὶ
1307 1408 1449 1474 πλοῦτον

237 1513 293 1578 καί
314 1502 414 1578 τδίλλα
437 1506 474 1601 δὴ
498 1503 558 1577 ὅσα
580 1505 737 1599 πρόσεστι
758 1505 870 1598 τοότιμ,
894 1503 1025 1599 ἡσυχίαν
1047 1509 1147 1594 ἔσχον,
1173 1510 1204 1579 σί
1228 1504 1257 1580 δ’
1282 1509 1447 1604 ἐπιχειρή-

238 1641 348 1697 σαντες
364 1616 454 1708 δίκην
468 1610 640 1702 λαμβάνειν
656 1606 713 1682 οόκ
736 1610 943 1705 ἐδυνήθησαν,
966 1614 1031 1682 εἰσί
1054 1607 1083 1682 δ)
1101 1615 1136 1684 οἳ
1149 1613 1342 1701 διελόσαντο,
1366 1616 1449 1700 ἴσως

236 1726 409 1791 λυσιτελεῖν
429 1716 595 1812 ἡγούμενοι
617 1728 676 1789 tria
700 1745 805 1790 eorum
828 1745 939 1806 genera
961 1728 1132 1791 enumerari
1148 1730 1200 1810 qui
1217 1748 1234 1791 a
1249 1729 1346 1792 ltlidia
1372 1731 1447 1794 laesi

237 1836 315 1899 sint:
340 1835 413 1898 alios
436 1827 545 1898 timore
568 1836 599 1898 et
620 1836 706 1897 metu
727 1833 824 1914 ipsius
856 1835 886 1896 et
916 1833 1085 1896 amicorum
1106 1834 1251 1898 audatiae
1276 1839 1447 1899 commotos

133 1939 137 1950 '
237 1941 395 2004 silentium
417 1959 506 2020 agere
529 1938 684 2014 maluisse,
709 1938 783 2002 alios
807 1939 926 2004 actione
949 1939 1093 2003 inst'tuta
1115 1941 1201 2004 litem
1224 1940 1359 2006 obtinere
1382 1961 1446 2005 non

236 2047 378 2129 potuisse,
401 2046 525 2110 tertiam
548 2048 652 2109 autem
674 2064 771 2124 genus
802 2064 868 2108 esse
896 2063 1001 2108 eorum
1032 2046 1085 2126 qui
1108 2047 1258 2110 commodi
1281 2049 1328 2111 sui
1351 2067 1448 2111 causa

237 2172 308 2216 cum
330 2172 363 2216 eo
388 2153 420 2216 in
443 2151 574 2232 gratiam
590 2151 750 2224 redierint;
775 2151 792 2232 ξ
817 2151 857 2212 23
882 2154 985 2213 autem
1008 2151 1108 2214 verbis
1130 2142 1237 2214 πολλὰ
1259 2149 1319 2233 μὲν
1340 2149 1447 2216 τοίνυν

237 2255 393 2320 ....καί
415 2255 490 2342 περί
514 2237 557 2318 ὧν
583 2246 656 2332 τους
678 2241 792 2331 δίλλους
813 2241 961 2341 ἠδίκηκεν
985 2251 1045 2336 ἔχω
1072 2253 1225 2340 λέγειν..
1244 2242 1330 2344 ..ἦν
1361 2256 1398 2322 δὲ
1425 2249 1447 2346 ἡ

236 2354 370 2449 συλλογὴ
393 2357 499 2448 ῥᾳδία·
525 2349 614 2424 αότοί
638 2352 697 2447 γὰρ
713 2356 744 2425 οὶ
760 2351 968 2437 πεπονθότες
989 2353 1156 2448 προσῇσάν
1177 2386 1235 2444 μοι
1258 2365 1357 2428 dicere
1373 2385 1447 2430 eum

234 2471 361 2534 iniurias
391 2489 409 2532 a
439 2469 534 2532 Midia
569 2469 635 2531 aliis
673 2468 790 2532 civibus
818 2469 922 2532 illatas
951 2469 1039 2532 facile
1069 2470 1208 2550 colligere
1237 2490 1269 2535 se
1299 2473 1446 2553 potuisse,

235 2596 306 2640 cum
328 2577 386 2658 ipsi
407 2576 429 2637 ii
452 2575 505 2657 qui
526 2575 630 2638 violati
647 2578 749 2638 essent
771 2574 809 2637 ad
826 2593 858 2638 se
874 2575 1037 2638 venissent.
1083 2575 1167 2639 Inter
1188 2595 1238 2640 eos
1262 2580 1368 2642 autem
1390 2581 1445 2660 qui

235 2702 291 2746 sua
313 2686 420 2765 sponte
442 2681 680 2746 Demosthenem
703 2680 833 2744 adierint
854 2681 920 2744 illos
944 2681 1082 2744 homines
1114 2683 1202 2745 tertio
1224 2683 1288 2747 loco
1311 2703 1446 2747 comme-

234 2793 367 2852 moratos
390 2808 456 2852 esse
481 2806 541 2851 non
562 2805 658 2869 posse.
705 2785 764 2850 Sed
786 2787 920 2868 primurn
942 2787 963 2848 ii
987 2787 1040 2869 qui
1062 2787 1191 2851 aMidia
1214 2789 1289 2853 laesi
1313 2809 1384 2853 cum
1407 2811 1444 2854 eo

233 2898 337 2978 postea
360 2895 492 2975 gratiam
513 2893 785 2957 reconciliaverunt
800 2882 1008 2976 (διελύσαντο)
1032 2893 1138 2957 utilius
1162 2894 1193 2958 id
1216 2913 1281 2958 esse
1304 2896 1365 2959 rati
1387 2916 1444 2960 cur

235 3001 433 3064 Demostheni
457 3019 492 3063 ea
516 3018 594 3081 quae
622 2999 758 3062 aMidia
785 2999 868 3081 passi
897 3003 999 3063 essent
1030 3000 1172 3063 nuntiare
1200 3019 1260 3064 non
1288 3003 1444 3082 potuerint

232 3127 293 3171 non
315 3125 438 3189 prorsus
460 3107 566 3187 liquet.
611 3105 647 3167 ld
670 3105 793 3186 quidem
815 3105 1041 3169 concedendum
1071 3110 1118 3169 est
1151 3125 1201 3170 eos
1224 3108 1276 3189 qui
1298 3127 1349 3171 reo
1371 3127 1443 3172 rere

233 3214 324 3277 amici
346 3215 447 3277 essent
476 3212 550 3275 illud
580 3211 715 3275 facturos
743 3211 837 3274 fuisse
865 3212 1028 3276 verisimile
1058 3231 1119 3276 non
1148 3231 1231 3287 csse3
1263 3214 1315 3277 sed
1342 3215 1365 3276 ii
1388 3216 1442 3296 qui

232 3319 343 3382 abillo
366 3318 476 3382 iniuria
499 3317 652 3400 quondam
676 3317 775 3382 affecti
798 3318 950 3381 commodi
980 3336 1074 3381 causa
1103 3337 1175 3382 cum
1198 3337 1232 3382 eo
1254 3319 1442 3400 ingratiam

167 3461 168 3466 κ
231 3426 383 3489 redierant
405 3427 486 3489 certe
509 3443 569 3487 non
592 3443 627 3486 ex
651 3425 743 3487 animi
767 3425 918 3488 sententia
940 3424 1006 3488 eius
1029 3425 1119 3488 amici
1142 3431 1236 3501 erant,
1267 3445 1365 3507 neque
1386 3447 1441 3508 pro

232 3534 312 3595 certo
335 3531 439 3611 negari
461 3533 560 3612 potest
583 3549 651 3604 eos,
682 3530 707 3592 si
731 3530 851 3611 quando
879 3529 1011 3594 facultas
1042 3530 1114 3594 data
1137 3534 1218 3596 esset
1240 3532 1440 3596 intolerabilis

230 3639 314 3701 illius
343 3656 436 3719 quam
467 3636 578 3699 Midias
608 3639 767 3700 assecutus
797 3639 862 3700 erat
889 3637 1040 3718 potentiae
1063 3638 1250 3713 evertendae,
1285 3642 1438 3719 quantum

230 3747 370 3825 possent,
399 3762 451 3825 pro
483 3761 539 3805 sua
567 3745 653 3823 parte
677 3760 800 3824 operam
832 3742 950 3807 dedisse
979 3746 1015 3806 ut
1038 3743 1089 3806 ille
1112 3744 1195 3806 iusta
1217 3728 1315 3825 poena
1338 3743 1441 3810 affice·

230 3853 322 3914 retur.
369 3848 456 3928 Quod
477 3848 564 3912 nobis
587 3867 647 3910 non
669 3848 733 3910 iam
755 3849 869 3912 mimm
891 3848 1050 3923 videbitur,
1080 3849 1105 3911 si
1129 3849 1146 3930 ᾖ
1172 3851 1233 3912 198
1258 3853 1440 3932 spectaveri-

230 3976 314 4032 mUS‚
343 3957 395 4021 ubi
424 3957 569 4036 leguntur
598 3955 688 4017 haec:
726 3950 799 4035 ἐμοὶ
827 3952 885 4035 μὲν
907 3945 942 4040 νὴ
964 3943 1019 4017 τόν
1041 3949 1109 4017 Δία
1139 3953 1195 4016 καί
1218 3945 1272 4017 τόν
1293 3944 1438 4019 Ἀπόλλω

229 4060 283 4125 καί
306 4053 362 4148 τὴν
375 4049 516 4148 Ἀθηνᾶν
538 4050 711 4146 (εἰρήσεται
740 4050 807 4144 γάρ,
838 4047 895 4123 εἴτ’
919 4047 1047 4140 όίμεινον
1074 4053 1137 4122 ε’ίτε
1165 4051 1235 4147 μη),
1261 4049 1316 4124 ὅθ’
1346 4042 1439 4139 οὗτος

229 4157 273 4244 ιός
301 4155 512 4256 δπηλλαγμαι
534 4157 669 4250 περιιών
692 4162 886 4250 ἐλογοποίει,
910 4161 1034 4252 ἔνδηλοί
1055 4188 1137 4242 τινες
1158 4152 1238 4253 ἦσαν
1259 4155 1437 4249 ἀχθόμενοι

227 4271 290 4340 τῶν
311 4265 396 4338 πάνυ
417 4265 519 4359 τοότηι
541 4264 719 4337 λαλοόντισν
740 4261 850 4359 ἡδέως.
875 4271 929 4334 καί
953 4263 989 4357 νὴ
1014 4268 1081 4334 Δία
1103 4260 1211 4348 αότοῖς
1233 4264 1337 4358 πολλὴ
1361 4292 1435 4357 σιη-
