3142 4834
786 270 805 332 2

692 361 901 369 ———.

193 479 291 544 fectus
315 483 414 556 esset,
443 482 524 563 apud
546 481 691 563 populum
714 481 903 545 accusavisse
928 477 1182 565 (προβαλέσθαι)
1205 484 1236 543 61
1262 499 1346 544 6666
1366 459 1412 543 16
1474 479 1477 490 ’

194 585 342 649 iudicium
364 588 518 651 vocavisse
541 591 571 651 et
594 606 748 650 summam
775 587 808 650 in
838 606 869 651 66
895 605 961 650 6666
983 586 1127 650 fiduciam
1157 586 1273 650 iudices
1297 605 1399 650 severe

194 695 225 755 et
246 692 326 756 iuste
346 691 378 755 16
406 711 477 756 eum
503 693 765 756 animadversuros
796 696 826 756 et
853 692 979 755 iniurias
1007 711 1085 773 quae
1113 692 1172 773 ipsi
1202 691 1306 755 illatae
1337 692 1399 755 sint

193 800 311 862 ulturos
334 817 416 874 esse;
445 798 462 880 ξ
486 799 570 862 5-8
594 801 714 874 autem,
744 799 833 881 quasi
856 799 980 880 supplex
1003 797 1051 873 sit,
1073 797 1188 860 iudices
1209 799 1246 860 ut
1268 797 1397 878 benigne

194 923 225 968 se
249 904 376 967 audiant
398 909 429 968 et
450 905 560 968 auxilio
581 905 646 972 sibi·
662 905 786 971 ueniant
807 908 881 968 orat.
926 903 1034 984 116666
1056 922 1092 967 66
1115 921 1192 985 6666
1216 903 1309 967 611666
1331 923 1400 985 666-

193 1011 290 1074 oemio
312 1011 505 1074 continentur
533 1011 697 1100 nonsatis
718 1011 883 1075 concinunt
912 1028 984 1072 oum
1013 1008 1125 1072 fiducia
1155 1010 1246 1090 atque
1270 1010 1398 1091 6661116

193 1134 327 1197 6666616
348 1119 448 1180 666166
469 1117 501 1180 16
523 1117 540 1198 g
563 1117 583 1179 4
611 1117 754 1198 loquitur.
806 1114 892 1194 Quod
915 1114 1022 1178 deinde
1050 1114 1188 1178 Blassius
1219 1133 1291 1178 oum
1319 1115 1397 1177 ritu·

192 1223 344 1303 peratione
367 1222 441 1286 dicit
469 1209 529 1303 §5
553 1222 790 1286 Demosthenem
822 1241 881 1285 non
904 1222 978 1284 66116
1002 1221 1082 1284 61666
1105 1224 1136 1284 61
1159 1220 1300 1284 distincte
1322 1219 1397 1300 quid

193 1328 266 1391 velit
289 1327 459 1409 significare
475 1327 641 1408 eademque
657 1345 734 1409 quae
756 1327 819 1390 iam
841 1326 892 1408 §1
917 1329 1043 1390 narrata
1059 1326 1121 1390 sint
1137 1325 1270 1408 proferri,
1293 1327 1397 1389 minus

192 1437 272 1497 recte
302 1453 373 1498 eum
401 1432 550 1496 iudicasse
580 1436 661 1514 puto.
715 1433 791 1496 Mihi
819 1433 902 1496 enirn
935 1433 1085 1496 sententia
1114 1431 1204 1496 huius
1231 1433 1289 1496 loci
1321 1433 1397 1496 satis

194 1542 334 1602 accurate
349 1539 469 1604 videtur
491 1557 556 1612 6666
571 1557 719 1621 expressa,
743 1542 773 1602 et
789 1556 866 1620 quae
882 1537 1025 1602 dicuntur
1041 1557 1095 1601 suo
1111 1539 1174 1602 loco
1191 1541 1272 1613 sunt,
1289 1556 1398 1619 quam-

192 1662 286 1726 quam
315 1645 376 1708 iam
409 1648 499 1709 antea
522 1648 706 1720 memorata3
734 1644 782 1708 hic
810 1645 892 1708 enim
913 1644 1051 1707 indicant
1078 1662 1140 1725 666
1162 1663 1195 1707 66
1226 1647 1396 1707 commotus

192 1753 291 1813 orator
312 1751 451 1832 precibus
475 1751 614 1814 61116666
639 1749 829 1825 6111611666,
857 1751 920 1813 illic
942 1753 1047 1813 autem
1075 1749 1166 1812 huius
1193 1750 1395 1813 accusationis

194 1874 322 1920 oausam
343 1857 495 1937 praebent,
518 1856 561 1920 116
584 1859 620 1919 61
636 1858 780 1938 appareat
802 1857 908 1919 neutro
923 1856 988 1919 loco
1004 1856 1056 1919 illa
1074 1873 1298 1937 supervacanea
1320 1875 1396 1919 6666.

278 1961 346 2025 Iam
369 1963 535 2044 complures
557 1963 613 2024 viri
636 1961 717 2026 docti
739 1959 903 2043 (Sohaefen
916 1961 939 2044 1)
962 1961 1219 2044 Buttmannus2)
1244 1961 1396 2026 Wachen·

191 2068 318 2143 dorfius,
347 2067 450 2151 116166)
479 2068 512 2132 16
542 2087 576 2132 66
603 2066 762 2132 offendunt
790 2068 869 2149 quod
897 2067 949 2130 1116
977 2086 1054 2149 quae
1083 2067 1153 2131 inde
1184 2067 1242 2149 ag
1267 2069 1395 2132 13-18

191 2174 343 2237 invenitur
365 2173 477 2237 Midiae
506 2173 537 2236 16
560 2173 799 2238 Demosthenem
828 2177 859 2237 et
882 2174 1008 2236 tribules
1038 2173 1220 2236 iniuriarum
1243 2175 1394 2238 enarratio

191 2282 257 2342 tam
279 2279 377 2344 brevis
401 2283 493 2360 atque
515 2280 616 2343 ieiuna
640 2279 693 2355 sit,
716 2280 895 2362 praesertim
918 2297 989 2343 cum
1011 2279 1180 2344 secundum
1203 2280 1221 2361 ξ
1239 2280 1278 2342 12
1301 2280 1395 2344 rerba

189 2375 347 2466 βούλομαι
369 2371 398 2447 d'
422 2380 557 2447 ἕκαστον
584 2371 644 2447 ἄπ’
673 2372 768 2470 ἀρχῆς
796 2365 839 2447 ὧν
866 2380 1026 2446 πέπονθα
1048 2377 1215 2462 ἐπιδείξας
1240 2382 1395 2469 καὶπερὶ

189 2486 253 2552 τῶν
281 2486 411 2576 πληγῶν
444 2484 548 2554 εἰπεῖν
580 2473 619 2566 ἃς
650 2481 687 2552 τὸ
714 2488 892 2553 τελευταῖον
914 2487 1132 2572 προσενέτεινέ
1153 2513 1211 2571 μοι
1233 2490 1394 2572 descriptio

190 2597 287 2660 multo
305 2596 479 2660 accuratior
501 2599 697 2678 exspectetur.
747 2595 827 2660 Sane
850 2597 954 2676 negari
982 2615 1042 2660 non
1063 2599 1162 2678 potest
1187 2596 1267 2660 hanc
1288 2615 1396 2660 narra-

190 2703 304 2766 tionem
328 2703 385 2766 sub
414 2702 507 2766 finem
537 2703 612 2766 satis
635 2703 756 2766 brevem
778 2701 888 2778 videri,
918 2703 1042 2766 initium
1070 2703 1135 2767 eius
1162 2705 1266 2767 autem
1296 2721 1394 2784 usque

191 2809 230 2872 ad
253 2811 420 2873 extremam
443 2808 460 2890 ξ
486 2809 526 2871 16
552 2827 621 2872 mea
644 2809 767 2890 quidem
791 2809 940 2872 sententia
962 2809 1036 2872 66116
1066 2809 1192 2890 plenum
1215 2811 1306 2890 atque
1329 2828 1395 2890 per·

190 2914 304 2977 fectum
326 2918 380 2978 661.
424 2913 511 2993 Quod
533 2914 643 2977 ultima
664 2933 735 2996 pars
758 2933 817 2977 non
839 2916 926 2977 tanta
954 2931 1025 2977 cum
1055 2914 1210 2994 diligentia
1239 2915 1395 2978 elaborata

191 3022 237 3084 661
265 3039 299 3084 66
329 3019 457 3084 fortasse
487 3021 617 3103 pertinet
637 3019 718 3102 quod
741 3020 969 3096 Demosthenes,
1001 3039 1073 3084 cum
1104 3021 1185 3084 hanc
1215 3021 1393 3096 orationem,

193 3145 287 3206 quam
303 3145 465 3207 nunquam
487 3127 588 3208 ipsum
611 3126 739 3190 edidisse
755 3129 895 3208 apertum
909 3128 965 3204 661,
974 3127 998 3209 3)
1023 3131 1221 3208 componeret,
1242 3126 1274 3189 id
1296 3145 1395 3189 unum

191 3232 340 3313 spectavit
361 3235 397 3296 ut
422 3233 516 3296 talem
533 3233 700 3296 orationem
714 3232 869 3314 perficeret
884 3232 968 3313 66611
991 3231 1071 3313 apud
1086 3231 1199 3296 iudices
1215 3232 1260 3295 uti
1283 3235 1394 3314 posset.

189 3337 345 3401 iudicibus
368 3341 472 3402 autem
494 3357 542 3402 res
565 3337 582 3420 ξ
608 3339 647 3401 17
671 3341 702 3402 61
725 3338 765 3400 18
788 3339 929 3400 narratae
955 3338 1051 3402 multo
1074 3337 1172 3418 magis
1195 3340 1284 3402 notae
1306 3341 1395 3401 erant

188 3444 248 3508 illis
271 3444 366 3525 priore
388 3447 474 3526 66616
498 3444 660 3526 explicatis,
698 3443 860 3508 Praeterea
882 3443 964 3506 haud
985 3443 1045 3506 scio
1068 3462 1108 3506 66
1129 3463 1166 3507 en
1181 3447 1315 3526 tempore
1337 3444 1395 3507 has

189 3569 237 3613 res
259 3550 290 3612 in
312 3549 423 3614 iudicio
446 3551 542 3613 multo
565 3549 687 3631 planius
711 3548 860 3613 61166166
883 3568 1028 3631 exponere
1056 3550 1087 3611 in
1111 3549 1213 3612 animo
1242 3549 1393 3613 habuerit.

190 3654 252 3718 Cur
273 3655 366 3735 igitur
387 3657 489 3719 omnia
512 3658 602 3746 66166
626 3655 770 3719 scriberet
793 3673 870 3736 quae
900 3655 1043 3718 1661111666
1070 3674 1132 3718 666
1161 3656 1273 3738 6661616
1295 3654 1394 3718 dicere

106 3753 112 3766 '
190 3762 315 3843 posset?
361 3760 557 3843 Quamquam
579 3761 686 3841 negari
712 3781 773 3825 666
795 3764 895 3843 661661
920 3761 953 3824 16
980 3762 1114 3828 66611666
1137 3762 1281 3843 perpolita
1309 3764 1340 3824 et
1362 3762 1395 3824 in

189 3867 345 3948 publicum
367 3867 480 3931 emissa
501 3866 576 3932 illud
598 3885 780 3949 magnopere
803 3867 1025 3949 displiciturum
1046 3867 1150 3930 luisse.

278 4060 297 4126 ¹)
316 4059 438 4113 Schaelor
456 4060 664 4112 Demonsthonos
682 4059 736 4112 und
754 4060 827 4112 66166
844 4060 901 4112 Ζ611
918 4059 959 4113 ΠΙ
979 4077 1002 4128 p.
1021 4061 1063 4114 61.

282 4149 302 4216 ²)
320 4148 350 4200 16
370 4147 503 4200 1111116666
522 4147 554 4200 ab
572 4165 602 4200 eo
621 4149 705 4201 editae
724 4165 748 4215 p.
769 4147 827 4200 124.

276 4238 296 4304 3)
316 4236 352 4290 dl.
372 4235 443 4288 Weil
479 4236 530 4288 Les
560 4234 707 4303 plaidoyorn
738 4235 879 4303 politiques
910 4237 942 4288 de
971 4235 1146 4288 Demosthene
1185 4253 1210 4290 6.
1231 4237 1395 4305 104-106;

188 4324 310 4376 Schaefer·
327 4323 344 4377 l.
363 4323 380 4378 l.
399 4325 482 4392 Hip.
502 4323 535 4377 58
554 4341 591 4391 66.
