3142 4834
145 463 291 542 utsupra
307 461 490 542 explicatum
505 463 561 524 est.
592 461 742 524 Absoluta
756 459 937 524 refutatione
947 458 972 540 ¹)
994 458 1088 522 finem
1110 457 1184 522 faoit
1198 457 1355 540 peroratio,

147 567 236 630 onius
249 586 302 648 pos
304 570 403 632 trema
414 568 506 654 verba
518 568 572 630 ult'
552 571 626 630 timo
637 568 702 630 loeo
714 566 800 630 nobis
813 565 926 629 tradita
939 583 1005 628 esse
1016 565 1082 646 ipsa
1095 564 1169 628 satis
1181 567 1228 628 ost
1215 563 1355 628 ttendun

148 656 783 737 811111111111εειικάκιινοιιὲνεκα
799 668 863 734 τῶν
882 665 1052 790 εἰρημένων
1073 691 1129 732 και
1121 659 1286 752 μάλιστα
1301 665 1357 732 τοῦ
1445 750 1449 756 ἱ

148 775 229 842 θεοῦ
249 768 340 862 χάριν
362 776 438 863 περὶ
462 759 572 865 αυτὴν
595 769 703 865 {opopa
724 765 849 860 ἀσεβῶν
872 757 1142 862 arrogatione
1109 799 1165 862 την
1188 765 1280 838 ὁσίαν
1301 773 1356 837 καὶ

148 879 278 947 δικαίαν
301 881 435 966 θέμενοι
459 881 570 972 ψῆφον
597 874 828 971 τιμωρήσασθε
850 880 969 947 τοῦτον.
1026 881 1222 948 Commodius
1252 887 1357 946 autem

148 1009 245 1072 quarn
267 994 338 1055 ante
361 991 436 1056 haee
459 995 532 1054 ante
555 993 578 1074 ᾖ·
596 993 660 1054 226
683 1009 718 1055 εκ
742 991 881 1054 oollooari
900 990 1042 1053 ridentur
1065 1008 1143 1071 quae
1166 1008 1202 1052 ex
1224 989 1357 1072 superio·

147 1097 232 1161 ribus
262 1097 323 1160 huo
352 1097 502 1179 pertinere
529 1097 734 1162 intelleximus
756 1096 785 1178 (ξ
811 1096 1018 1178 rel-185).
1071 1095 1231 1160 Praeterea
1258 1095 1357 1178 prima

149 1204 166 1285 ξ
185 1204 356 1267 1841111111
378 1187 518 1266 ἃτοίννν
542 1189 667 1279 οὐδενὸς
688 1199 753 1265 τῶν
774 1196 945 1288 εἰρημένων
966 1181 1059 1288 ἧττον
1081 1187 1254 1285 ἀναγκαῖον
1275 1190 1357 1263 εἶναι

150 1303 270 1390 νομῖζιο
294 1299 377 1394 πρὸς
392 1297 475 1390 ὑμᾶς
496 1302 610 1386 εἰπεῖν,
633 1295 720 1371 ταῦτ’
743 1299 846 1371 εἰκὼν
862 1302 911 1371 ἔτι
936 1304 992 1370 καὶ
1014 1303 1134 1390 βραχέα
1150 1304 1224 1391 περὶ
1239 1296 1359 1369 τούτων

149 1411 335 1494 διαλεχθεὶς
364 1405 589 1501 καταβήσομαι
618 1414 774 1478 ostendere
803 1414 944 1478 uidentur
971 1414 1043 1477 hino
1064 1415 1286 1496 perorationem
1308 1414 1359 1476 'iu-

147 1521 255 1602 oipere.

237 1627 323 1707 Quae
351 1646 424 1691 oum
451 1628 494 1691 ita
525 1628 587 1692 sint
614 1630 679 1691 tota
701 1627 796 1691 oratio
820 1627 990 1692 seeundum
1013 1625 1150 1690 ordinem
1173 1645 1264 1708 quern
1297 1627 1359 1690 De-

148 1735 324 1798 mosthenes
347 1737 508 1798 seouturus
530 1737 605 1809 erat,
628 1735 654 1796 si
677 1753 745 1798 eam
766 1709 950 1816 perfecisset,
974 1734 1017 1797 sio
1040 1736 1087 1796 est
1103 1732 1305 1816 disponenda:

199 1857 215 1920 I
237 1858 448 1924 Exordium
470 1877 554 1922 oum
576 1859 883 1940 praeparatione
906 1857 923 1939 ἓ
949 1858 1063 1933 1.-12,

184 1964 216 2027 ΙΙ
239 1965 419 2028 narratio
443 1964 460 2046 ἓ
485 1965 622 2040 13-18,

169 2070 218 2132 III
241 2071 384 2134 divisio
405 2071 423 2152 ξ
447 2071 585 2147 19-21,

171 2177 214 2241 IV
238 2177 526 2256 argumentatio

261 2284 293 2366 l)
317 2282 567 2346 confirmatio
589 2270 746 2366 ὕβρεως
767 2285 805 2346 et
826 2269 1036 2365 ἀσεβείας,
1061 2302 1122 2365 qua

329 2407 359 2489 a)
382 2407 545 2471 Midiam
572 2407 610 2471 in
632 2407 938 2471 Demosthenem
962 2427 1001 2470 se
1023 2408 1248 2471 insolenter
1269 2426 1359 2488 ges-

416 2514 516 2578 sisse
540 2513 781 2589 demonstratur‚
813 2513 899 2576 ouius
929 2513 1024 2595 partis
1053 2513 1206 2577 habentur
1227 2515 1360 2578 anrifiois

416 2620 627 2684 testimonium
651 2620 680 2701 (ᾖ
704 2620 758 2703 22)
790 2621 821 2684 et
843 2605 992 2700 ἀσεβείας
1020 2620 1208 2684 oonfirmatio
1230 2639 1302 2684 oum
1325 2640 1361 2685 ea

415 2745 527 2790 oonexa
549 2727 578 2808 (ᾗ
604 2727 755 2808 51-69),
785 2728 979 2807 antequam
1006 2726 1124 2807 reliqua
1146 2729 1265 2808 praeter
1286 2727 1361 2789 illud

418 2833 594 2896 testimonia
617 2835 648 2896 et
670 2835 852 2912 argumenta
875 2832 993 2909 desunt,

151 3061 200 3115 νῦν
218 3067 338 3133 κρίνεται
361 3059 445 3138 κοινά
481 3060 575 3129 Neque
593 3060 682 3113 minus
701 3062 760 3128 apte
783 3059 932 3128 pergitur
924 3052 1015 3130 πότερ
1035 3080 1081 3112 ονν
1102 3079 1198 3113 τουτον
1219 3067 1363 3133 γενομένου

150 3156 274 3222 κρεῖττον
292 3135 407 3204 ανθις
390 3171 407 3216 η
425 3155 489 3202 νυνὶ
506 3145 634 3212 κολάσαι,
653 3142 704 3220 spui
721 3152 773 3216 μὲν
791 3147 915 3216 οἶμαι
882 3169 938 3211 ναν,
959 3148 1084 3216 quoniam
1102 3149 1197 3202 deinde
1215 3149 1363 3218 explicatur·

151 3239 275 3293 iudicum
293 3238 478 3308 potestatem
471 3255 500 3290 111
519 3255 549 3292 eo
568 3253 625 3291 esso
649 3239 727 3291 sitam
752 3236 822 3306 qnod
838 3236 910 3305 leges
928 3236 1046 3304 valeaut3
1069 3236 1141 3306 leges
1159 3239 1248 3291 autem
1266 3238 1362 3304 valere,

151 3329 176 3382 si
195 3328 382 3382 confirmentur
399 3329 478 3396 atque
496 3326 676 3396 indigentibus
703 3325 791 3379 omni
814 3327 961 3393 tempore
985 3325 1040 3379 sint
1061 3325 1192 3394 praesidio
1211 3327 1235 3395 (ᾗ
1254 3326 1306 3380 224
1323 3331 1364 3382 τίς

152 3403 199 3469 οὖν
216 3410 233 3482 ἡ
253 3412 364 3484 δύναμις
381 3408 470 3468 atteia
488 3415 555 3484 (scil.
574 3414 630 3466 τῶν
647 3411 747 3484 νόμιον)
772 3418 859 3477 doram
881 3406 952 3482 ὑμεῖς
975 3407 1024 3466 ἐὰν
1045 3413 1179 3483 βεβαιῶτε
1202 3407 1297 3470 αὐτοὺς
1318 3421 1364 3466 καὶ

151 3510 290 3576 παρέχητε
306 3509 408 3575 κνρίονε
426 3497 468 3555 οἷοὶ
485 3503 525 3569 τῷ
543 3501 667 3574 δεομένῳ.

243 3595 264 3662 ¹)
283 3593 489 3662 Auteoeoupatio
509 3609 588 3660 quam
607 3593 684 3646 antea
706 3591 826 3644 diximus
851 3592 876 3659 (ξ
895 3591 1010 3660 24-41)
1034 3593 1061 3644 et
1082 3591 1141 3660 ipsa
1162 3591 1286 3645 refutatio
1310 3592 1363 3645 dioi

151 3684 251 3751 potest3
271 3684 312 3736 est
330 3682 401 3734 enim
420 3681 505 3735 omnis
524 3681 723 3749 anteoooupatio
741 3680 865 3734 refutatio
883 3697 973 3734 eorum
987 3695 1055 3749 quae
1068 3697 1120 3734 uon
1139 3680 1298 3748 dictasunt,
1317 3681 1362 3733 sed

152 3773 282 3826 dicentur.
325 3769 392 3824 Cum
417 3772 463 3824 ant
464 3787 506 3823 ern
529 3770 579 3824 hac
606 3785 709 3837 quoque
733 3785 813 3837 quam
835 3784 915 3836 supra
938 3768 1056 3822 diximus
1080 3769 1236 3822 refutatione
1259 3769 1364 3822 futurae

151 3860 319 3914 defensiones
336 3859 494 3922 reiciantur,
512 3858 562 3912 hoo
580 3875 665 3911 unum
682 3857 791 3910 interest
809 3857 877 3909 inter·
895 3858 964 3910 hano
981 3857 1167 3911 refutationem
1185 3843 1211 3909 et
1224 3859 1363 3911 auteooou-

152 3949 288 4018 petionem
306 3947 380 4001 illam
399 3948 468 4016 qnod
487 3963 554 4016 quaa
572 3946 693 4000 illiot
648 3963 681 4000 an
681 3945 859 4014 teoooupando
877 3944 1034 3998 refelluntur
1046 3947 1079 3998 ad
1091 3945 1248 3998 insolentiae
1263 3946 1363 3999 crimen

149 4038 301 4107 respiciunt
319 4036 351 4089 de
369 4053 420 4105 quo
438 4037 524 4104 prima
541 4035 666 4089 orationis
684 4036 757 4103 parte
775 4033 895 4103 proxime
908 4050 1060 4102 praegressa
1072 4050 1157 4088 sermo
1177 4034 1236 4101 fuit,
1255 4034 1364 4102 perinde

150 4131 232 4196 atque
251 4125 443 4179 enarrationem
460 4123 578 4192 reliquae
596 4123 635 4176 rei
653 4123 725 4176 vitae
743 4121 831 4176 brevis
855 4122 979 4175 refutatio
998 4138 1089 4174 eorum
1108 4122 1282 4190 subsequitur
1297 4139 1364 4192 quaa

150 4220 244 4273 eontra
262 4217 330 4269 hano
348 4214 489 4267 videantur·
505 4215 559 4266 diei
577 4229 668 4282 posse;
687 4213 777 4264 eontra
789 4211 912 4264 refutatio
924 4211 990 4263 lraeo
1004 4226 1070 4278 quae
1083 4212 1227 4264 rrraxirnam
1240 4211 1365 4265 orationis

150 4308 255 4378 partem
274 4303 357 4358 efficit
374 4304 408 4357 ad
426 4304 508 4356 totam
526 4302 657 4356 astionem
674 4301 793 4352 refertur.
