3142 4834
805 207 846 268 30

223 412 340 493 αἰκίας,
362 401 398 504 ἦν
421 405 438 478 ὁ
460 413 516 503 τῆς
537 403 663 501 ἱίβρειος.
690 411 719 478 εἰ
741 411 845 480 τοίνυν
867 403 990 502 ἆπὲχρι]
1012 407 1085 492 τοὺς
1106 419 1176 492 τοῖς
1196 413 1388 493 Διονυσίοις
1404 440 1437 480 τι

222 514 396 598 ποιυδντας
418 514 537 585 τούτων
559 513 641 585 κατὰ
663 513 793 598 τούτους
824 513 897 598 τοὺς
919 513 1033 603 νόμους
1062 517 1152 609 δίκην
1175 514 1314 602 διδόναι,
1342 510 1440 586 οὐδὲν

222 615 260 692 δν
283 627 436 714 προσέδει
458 625 550 691 τοῦδε
571 625 627 692 τοῦ
650 618 755 709 νόμον.
778 617 847 691 ἄλλ’
864 616 920 692 οὐκ
936 615 1069 714 ἀπέχρη.
1095 631 1224 714 σημεῖον
1239 626 1287 691 δέ·
1305 625 1440 692 ἔθεσθε

224 725 305 821 ἱερὸν
326 727 422 817 νόμον
445 722 530 820 αὐτῷ
551 731 597 819 τῷ
620 731 690 820 θεῷ
719 733 794 819 περὶ
823 733 878 822 τῆς
902 729 1089 820 ἱερομηνίας.
1120 727 1155 796 εἴ
1171 758 1222 811 τις
1245 719 1298 798 οὖν
1319 723 1437 799 κάκεί-

224 864 290 917 νοις
312 843 381 917 τοῖς
404 831 648 926 προϋπάρχουσι
671 830 781 921 νόμοις
803 839 858 904 καί
874 830 976 925 τοίπιμ
994 836 1039 925 τῷ
1054 827 1122 921 μετ’
1141 836 1279 917 ἐκείνους
1300 839 1439 904 τεθέντι-

226 945 282 1010 καὶ
305 944 389 1010 πᾶσι
412 949 481 1022 τοῖς
502 945 635 1022 λοιποῖς
657 933 723 1009 ἔστ’
748 942 863 1027 ἔνοχος,
894 936 911 1008 ὃ
934 943 1079 1023 τοιοῦτος
1101 936 1223 1030 πότερα
1237 938 1281 1034 μὴ
1305 944 1353 1032 δῷ
1380 937 1439 1009 διὰ

222 1051 317 1116 τοῦτο
340 1047 431 1139 δίκην
453 1039 472 1139 ἢ
494 1037 554 1115 adiu
574 1047 673 1135 μείζω
697 1047 768 1138 δοίη
791 1047 942 1129 δικαίιυς,·
965 1042 1027 1136 ἐγώ
1049 1049 1108 1133 μὲν
1131 1043 1223 1133 οἶμαι
1243 1048 1354 1134 μείζω.
1401 1054 1438 1115 Ιι]

221 1160 373 1240 religionis
403 1163 507 1223 autem
534 1160 634 1224 laesae
662 1159 777 1221 orimen
806 1159 917 1221 Midias
947 1158 1016 1222 inde
1048 1177 1066 1221 a
1094 1161 1113 1238 ἓ
1137 1161 1264 1221 51-69
1288 1163 1437 1231 venatum

223 1267 326 1346 itaque
349 1265 555 1347 praesumptio
584 1264 689 1328 eodem
718 1265 885 1328 maximam
915 1267 1034 1345 partem
1064 1266 1217 1346 pertinens
1245 1267 1347 1329 looum
1372 1285 1438 1328 non

222 1373 314 1434 habet
335 1371 395 1433 nisi
416 1375 485 1452 post
507 1372 527 1449 ἓ
550 1371 687 1433 51-69.

310 1477 390 1540 Tum
411 1495 489 1558 qliae
513 1478 658 1556 leguntur
679 1479 698 1556 ξ
723 1477 850 1540 70-76
874 1476 913 1539 ed
943 1495 1010 1539 eam
1040 1479 1158 1558 partem
1188 1477 1338 1558 pertinere
1370 1497 1437 1558 qua

223 1585 325 1664 agitur
347 1583 384 1646 de
408 1582 502 1646 Midia
531 1585 651 1666 propter
679 1582 872 1645 insolentiam
900 1582 1101 1674 Demostheni
1130 1583 1248 1645 illatam
1278 1584 1437 1665 puniendo

223 1692 254 1770 (ἓ
277 1690 418 1772 42-50)
444 1693 507 1752 tota
530 1708 635 1751 eorum
657 1689 772 1752 ratione
802 1689 959 1751 evincitur.
1005 1689 1200 1752 Dirimantur
1228 1693 1332 1752 autem
1355 1691 1437 1752 haee

223 1796 260 1859 de
282 1796 327 1858 rei
347 1813 444 1876 poena
467 1795 558 1858 verba
581 1797 618 1876 (ξ,
635 1795 763 1857 42--50
788 1798 818 1856 et
839 1796 859 1872 ξ
883 1795 1023 1877 70--76)
1047 1794 1084 1856 iis
1108 1795 1218 1875 quibus
1241 1796 1295 1858 illa
1317 1796 1436 1858 Midiae

223 1903 365 1984 superbia
388 1901 435 1964 die
457 1900 534 1964 festo
556 1901 589 1962 in
605 1900 843 1964 Demosthenem
866 1899 1029 1962 oommissa
1052 1900 1144 1964 deum
1168 1920 1287 1984 quoque
1309 1903 1435 1964 laesum

223 2027 288 2071 esse
311 2007 482 2071 ostenditur
506 2006 537 2088 (ἓ
561 2007 712 2089 51-69).

310 2131 472 2195 Praeterea
496 2131 588 2194 etiam
611 2130 695 2193 deest
717 2113 820 2211 post}
837 2131 876 2193 69
900 2131 1031 2210 insignis
1054 2131 1328 2210 argumentationis
1350 2151 1435 2213 pars,

225 2237 307 2300 Nam
330 2241 471 2320 apertum
495 2240 542 2299 est
563 2237 595 2299 in
617 2238 750 2299 oratione
767 2236 901 2318 perfeeto
916 2237 993 2299 illud
1009 2239 1101 2317 eaput
1124 2237 1230 2300 abesse
1246 2255 1305 2300 non
1321 2238 1434 2301 debere

222 2363 281 2425 quo
305 2342 565 2425 quemadmodum
588 2345 708 2424 propter
739 2343 798 2405 diei
828 2342 899 2405 festi
926 2343 1120 2406 violationem
1149 2343 1181 2405 in
1209 2343 1338 2406 Midiam
1368 2345 1436 2408 ani·

224 2450 477 2524 madvertendum
502 2450 541 2512 sit
570 2449 765 2530 explanetur,
788 2467 859 2510 oum
882 2448 948 2523 ille,
972 2452 1008 2512 ut
1029 2452 1134 2530 postea
1157 2449 1433 2526 demonstrabitur,

222 2557 374 2638 religionis
406 2557 507 2620 laesae
532 2555 727 2638 potissimum
756 2573 826 2618 reus
858 2555 905 2618 sit.
959 2555 1048 2618 Hane
1078 2557 1183 2619 autem
1214 2559 1334 2637 partem
1363 2559 1435 2639 post

221 2665 240 2741 ξ
265 2663 391 2725 51-69
417 2662 520 2726 sedem
547 2680 636 2724 suam
659 2661 769 2725 habere
785 2664 1022 2725 oonsentaneum
1046 2664 1100 2725 est.
1146 2661 1191 2724 Ex
1213 2680 1274 2743 qua
1290 2681 1321 2725 re
1337 2664 1435 2727 etiam

222 2769 391 2851 §ea-50
415 2771 483 2851 post
504 2770 523 2846 ξ
547 2768 587 2830 69
611 2766 764 2849 ponendas
788 2767 885 2830 fuisse
907 2768 1110 2848 oonsequitur.
1156 2767 1213 2830 Vix
1243 2769 1325 2832 enim
1348 2769 1434 2832 eredi

221 2877 322 2958 potest
345 2878 493 2938 oratorem
516 2892 568 2956 pro
592 2874 710 2936 diversa
732 2859 851 2955 ὕβρεως
866 2876 897 2936 et
913 2859 1063 2964 ἀσεβείας
1085 2877 1196 2937 natura
1218 2874 1342 2937 diversis
1358 2875 1432 2938 loeis

223 2981 260 3045 de
290 2999 394 3045 earum
424 2998 521 3062 poena
552 2980 698 3043 disserere
725 2980 873 3054 voluisse3
904 2980 998 3042 immo
1021 2980 1182 3043 verisimile
1207 2983 1253 3043 est
1276 2999 1347 3043 eum
1369 2999 1432 3043 uno

223 3088 286 3151 loeo
310 3106 345 3150 ea
367 3089 548 3166 argumenta
571 3087 801 3148 oumulaturum
824 3085 917 3148 luisse
947 3086 1057 3166 quibus
1088 3086 1216 3148 Midiam
1251 3087 1432 3166 gravissimo

224 3193 369 3275 supplioio
393 3193 521 3272 dignum
545 3211 610 3255 esse
639 3191 824 3268 ostenderet,
856 3211 928 3254 oum
958 3192 1001 3254 ita
1033 3193 1130 3256 multo
1161 3192 1311 3256 effioaoior
1339 3198 1432 3274 atque

223 3300 342 3380 gravior
370 3298 475 3362 futura
504 3301 584 3362 esset
614 3298 678 3361 eius
709 3298 746 3361 de
777 3299 835 3361 hae
865 3315 897 3361 re
927 3297 1093 3380 explicatio.
1140 3297 1248 3379 ltaque
1271 3301 1370 3362 totum
1394 3299 1432 3362 de

176 3479 179 3486 ,
223 3424 321 3487 poena
343 3409 436 3487 eaput
457 3407 526 3487 post
555 3407 652 3467 totam
681 3404 846 3467 eriminum
868 3403 1157 3468 demonstrationem
1181 3407 1332 3468 oratorem
1352 3401 1443 3486 posi·'

128 3499 131 3503 ’
223 3515 328 3575 turum
342 3511 444 3590 ,fuisse
467 3510 630 3574 verisimile
653 3514 708 3574 est.
754 3509 798 3572 lix
828 3509 938 3591 quibus
968 3510 1109 3574 omnibus
1139 3510 1230 3574 rebus
1253 3509 1431 3574 Nitsohium

224 3617 301 3680 falsa
317 3617 495 3680 contendere
511 3620 645 3698 apparet.
681 3615 848 3697 Spengeliu
872 3634 1060 3697 quamquam
1077 3617 1203 3680 alteram
1221 3617 1285 3679 eius
1303 3635 1431 3680 oausam

224 3743 260 3787 ex
287 3725 306 3801 ξ
329 3723 371 3785 23
400 3723 499 3786 verbis
532 3709 592 3783 ὅσα
620 3708 801 3784 ἀκούσεσθε
830 3708 945 3784 αὐτίκα
975 3712 1013 3807 δὴ
1041 3712 1129 3803 μάλα
1157 3723 1284 3804 petitam
1314 3723 1432 3786 nullam

225 3849 291 3893 esse
312 3829 454 3905 vidimus,
477 3828 704 3893 eoncedendum
727 3831 775 3892 est
796 3830 815 3907 ξ
838 3829 964 3891 23-41
990 3831 1058 3910 post
1080 3830 1099 3907 ξ
1124 3828 1185 3891 127
1214 3828 1316 3891 looum
1339 3848 1431 3892 suum

224 3936 352 4009 habere3
387 3935 441 3998 sed
474 3954 544 3999 eum
577 3934 663 3998 valde
698 3953 798 3998 errare
830 3935 862 3997 in
895 3953 930 3998 ea
965 3952 996 3997 re
1035 3934 1114 4015 quod
1147 3936 1167 4013 ξ
1201 3935 1327 3997 23-41
1365 3937 1433 4016 post

225 4045 245 4120 ξ
271 4041 331 4104 127
355 4041 547 4122 transpositis
570 4041 640 4104 inde
663 4059 681 4103 a
709 4041 902 4120 §ea-127
932 4041 1034 4103 omnia
1063 4041 1154 4121 plana
1182 4059 1247 4102 esse
1278 4041 1432 4104 existimat

226 4148 324 4211 tribus
348 4148 464 4211 ultimis
488 4148 589 4211 oausis
613 4147 724 4228 quibus
748 4146 879 4212 Nitsohii
902 4147 1086 4210 sententiam
1109 4145 1274 4208 refellimus
1297 4165 1432 4227 eumpro-

228 4255 326 4319 batur.
