3142 4834
728 286 766 347 21

136 488 256 582 γνώμα·
282 485 319 559 οὗ
347 486 405 581 γάρ
439 493 508 559 ἐστι
537 486 675 583 φορητὸς
703 483 890 580 α’νθμοοεος,
914 482 995 557 ἀλλὰ
1018 491 1073 556 καὶ
1097 491 1231 556 πλουτεῖ
1252 483 1349 574 μόνος

134 600 192 666 καὶ
216 599 321 686 λέγειν
342 593 472 665 δύναται
501 593 599 683 μόνος
625 599 680 664 καὶ
710 592 829 677 πάντες
858 595 921 664 εἰσί
945 591 1048 684 τούτῳ
1072 589 1270 684 καθάρματα
1292 597 1347 662 καὶ

135 705 265 788 πτωχοὶ
287 705 342 772 καὶ
367 695 432 771 oo'd'
457 693 640 794 ἅνθρωποι.
688 708 796 789 ltaque
820 708 845 771 si
867 707 1004 770 nonnulli
1027 726 1063 770 ex
1085 706 1121 769 iis
1145 705 1196 787 qui
1219 724 1291 768 cunr
1313 725 1347 770 eo

135 815 341 880 libentissime
365 804 462 896 (πάνυ
484 803 598 900 ἡδέως)
630 814 906 878 confabulabantur
929 813 1009 895 quod
1032 812 1253 877 Demosthenes
1276 831 1347 876 eum

138 922 307 986 dimisisset
329 921 461 1001 graviter
483 921 630 996 ferebant,
653 923 734 986 certe
756 921 871 983 mirum
894 939 954 982 non
976 922 1032 993 est,
1056 919 1080 982 si
1099 918 1120 980 ii
1143 919 1196 999 qui
1218 918 1347 982 aMidia

138 1025 241 1092 violati
263 1027 397 1106 gratiam
419 1045 490 1090 eum
514 1046 547 1091 eo
570 1027 839 1092 reconciliaverant
868 1027 987 1107 postea,
1016 1043 1089 1088 cum
1118 1024 1182 1088 sine
1211 1025 1347 1106 ipsorum

138 1133 269 1216 periculo
298 1151 334 1196 ao
364 1133 546 1198 detrimento
568 1134 632 1197 fieri
655 1152 742 1215 posse
766 1132 928 1206 videretur,
967 1131 1048 1194 illius
1079 1130 1110 1194 in
1143 1149 1175 1195 se
1197 1131 1347 1194 maleficia

136 1239 175 1303 ad
190 1239 439 1313 Demosthenem,
462 1257 480 1302 a
503 1257 561 1320 quo
576 1239 666 1303 illum
687 1241 809 1321 propter
831 1256 922 1318 grave
945 1238 1063 1301 facinus
1086 1255 1174 1300 reum
1197 1237 1246 1315 agi
1270 1238 1346 1300 soie-

135 1347 219 1420 bant,
243 1345 428 1419 detulerunt,
452 1347 488 1407 nt
511 1345 713 1408 accusationis
737 1345 783 1408 vis
806 1346 976 1424 augeretur.
1022 1342 1084 1406 Fac
1112 1345 1216 1407 autem
1239 1342 1347 1406 nihilo·

131 1453 240 1514 minus
264 1451 320 1513 hoc
342 1451 424 1514 credi
446 1469 505 1513 non
528 1470 625 1532 posse,
648 1453 752 1514 tamen
775 1468 811 1513 ea
834 1467 928 1531 quam
943 1449 1034 1513 llsius
1050 1449 1160 1512 statuit
1183 1448 1345 1512 difficultas

132 1577 195 1621 non
217 1556 299 1620 inest
320 1556 353 1619 in
374 1556 434 1619 illis
455 1556 563 1620 verbis.
610 1556 749 1620 Primum
773 1557 856 1620 enim
879 1557 979 1619 orator
1001 1554 1099 1618 dicere
1114 1556 1233 1636 poterat
1255 1541 1345 1617 αὐτοὶ

134 1654 194 1747 γὰρ
219 1655 249 1725 οἱ
273 1651 482 1738 πεπονθότες
497 1653 664 1748 προσῇσάν
678 1685 734 1742 μοι
757 1681 817 1726 non
841 1662 939 1725 solum
963 1661 988 1724 si
1014 1679 1118 1724 omnes
1142 1661 1194 1742 qui
1217 1660 1345 1724 aMidia

135 1770 210 1834 laesi
232 1771 320 1831 eraut
341 1767 467 1831 iniurias
489 1768 528 1830 ab
550 1768 601 1831 illc
628 1768 684 1831 sibi
700 1768 802 1832 illatas
825 1767 864 1831 ad
887 1786 958 1831 eum
974 1767 1158 1840 detulerunt,
1182 1766 1345 1830 sedetiam

137 1875 162 1938 si
184 1874 282 1937 maior
303 1891 374 1956 pars
397 1891 502 1936 eorum
525 1892 596 1937 eum
619 1873 772 1949 adierant;
797 1875 903 1936 notum
925 1873 1008 1936 enim
1031 1875 1078 1936 est
1092 1875 1224 1936 oratores
1247 1873 1343 1935 omni-

135 1981 191 2044 bus
213 1980 307 2044 rebus
331 1981 484 2061 quantum
506 1982 634 2061 possunt
655 1979 687 2043 iu
707 1998 799 2043 suum
815 1979 1009 2043 commodum
1024 1978 1070 2042 uti
1085 1980 1116 2042 et
1131 1978 1233 2041 omnia
1250 1996 1344 2059 quam

132 2087 268 2150 maxime
297 2085 368 2150 licet
395 2103 585 2166 exaggerare.
636 2085 716 2149 Tum
744 2086 837 2150 verba
868 2071 958 2148 αὐτοὶ
988 2074 1047 2169 γὰρ
1078 2078 1108 2146 οὶ
1136 2073 1345 2178 πεπονθότες

132 2181 303 2277 προσῇσάν
323 2213 380 2271 μοι
404 2191 541 2274 α1ς20
565 2194 700 2274 spectare
723 2192 800 2254 mihi
822 2210 945 2274 prorsus
968 2211 1029 2254 non
1052 2190 1203 2265 videntur,
1227 2191 1280 2254 sed
1303 2190 1343 2254 ad

132 2318 168 2363 ea
192 2317 272 2380 quae
296 2297 430 2379 proxime
455 2297 639 2362 antecedunt
654 2299 671 2380 ᾗ
688 2299 729 2360 23
746 2298 838 2361 verba
853 2293 909 2359 acl
933 2291 1096 2375 συνείλοχα
1121 2283 1227 2381 ὕβρεις
1249 2283 1344 2359 αἰτοῦ

132 2401 189 2466 καὶ
212 2391 346 2483 ἀτιμίας
367 2393 525 2478 τοσαίτας
548 2389 626 2478 ὅσας
648 2389 831 2466 ἀκούσεσθε
854 2389 968 2465 ciulac
990 2392 1029 2488 δὴ
1050 2392 1147 2482 μάλα.
1193 2403 1241 2466 Ad
1264 2422 1342 2484 quac

132 2511 158 2574 si
181 2509 359 2573 referuntur
380 2508 441 2584 ille,
464 2510 567 2572 omnia
589 2511 681 2591 plana
705 2511 777 2572 sunt
799 2512 892 2590 atque
915 2511 1001 2591 apta;
1026 2511 1152 2591 apparet
1167 2510 1251 2572 enim
1272 2511 1342 2573 tum

131 2636 183 2680 cos
219 2616 259 2679 ad
289 2615 528 2679 Demosthenem
558 2616 676 2696 venisse
707 2615 759 2696 qui
792 2615 920 2678 iniurias
951 2615 1050 2679 verbis
1087 2612 1143 2677 καὶ
1180 2609 1344 2695 σονείλοχα

131 2709 239 2807 ὕβρεις
262 2707 358 2784 αὐτοῦ
380 2717 435 2782 καὶ
451 2707 583 2801 ἀτιμίας
605 2710 762 2796 τοσαύτας
779 2708 858 2796 ὅσας
873 2707 1055 2783 ἀκούσεσθε
1071 2707 1185 2783 αὐτίκα
1201 2710 1240 2806 δὴ
1254 2710 1343 2801 μάλα

131 2827 321 2908 significatas
345 2827 427 2908 passi
450 2829 561 2890 essent.
607 2826 691 2890 Inter
722 2845 796 2908 quos
826 2827 920 2890 etiam
947 2827 1014 2890 illos
1043 2827 1181 2891 homines
1205 2828 1235 2890 in
1258 2828 1275 2910 ᾗ
1300 2829 1341 2890 20

130 2934 221 2998 tertio
243 2933 308 2996 loco
331 2935 583 2997 commemoratos
606 2951 672 2996 esse
700 2934 785 2996 nullo
808 2934 898 2997 verbo
929 2924 1090 2997 indicatur.
1136 2933 1244 3015 Itaque
1267 2934 1342 2997 haec

131 3041 195 3104 Esii
218 3038 342 3103 ostensio
364 3039 450 3102 nulla
473 3041 527 3103 est.

219 3145 301 3209 'Pam
324 3144 398 3208 dicit
419 3143 510 3208 Dsius
522 3145 545 3227 1)
570 3145 726 3208 nonnullis
756 3145 847 3208 huius
878 3145 1021 3209 orationis
1043 3145 1115 3208 locis
1138 3145 1168 3227 (ξ
1192 3147 1242 3220 20,
1268 3145 1339 3222 151,

134 3253 209 3334 215)
234 3251 279 3314 sic
297 3250 381 3332 loqui
396 3250 634 3314 Demosthenem
648 3254 685 3315 ut
700 3251 736 3314 de
751 3251 991 3316 reconciliatione
1007 3270 1079 3315 oum
1095 3251 1189 3315 Midia
1204 3252 1339 3316 ineunda

134 3376 206 3421 eum
228 3376 289 3420 non
312 3356 460 3436 cogitasse
483 3359 698 3437 cognoscatur,
725 3376 796 3420 oum
825 3358 1019 3422 vehementer
1047 3359 1079 3421 in
1107 3377 1157 3422 eos
1178 3358 1341 3421 invehatur

132 3463 187 3544 qui
208 3481 226 3526 a
247 3481 299 3526 reo
316 3462 479 3542 aliquando
502 3462 611 3525 iniuria
634 3462 733 3526 affecti
757 3481 828 3526 cum
851 3482 885 3526 eo
908 3466 1013 3545 postea
1034 3464 1065 3527 in
1088 3465 1221 3543 gratiam
1242 3463 1339 3528 redie-

129 3569 201 3644 rint,
225 3568 293 3632 aliis
317 3567 346 3650 (ξ
371 3569 412 3630 23
435 3571 465 3632 et
489 3569 564 3652 137)
597 3569 640 3632 sic
668 3572 704 3632 ut
734 3587 752 3632 a
782 3569 1025 3634 reconcilatione
1054 3570 1137 3634 haud
1157 3570 1201 3634 ita
1222 3570 1338 3634 alienus

129 3694 196 3739 esse
221 3673 370 3738 videatur.
415 3673 524 3755 Itaque
547 3674 672 3739 diversis
695 3675 882 3757 temporibus
906 3695 957 3740 eas
980 3679 1082 3758 partes
1105 3696 1170 3740 esse
1186 3678 1338 3760 oonsorip-

131 3785 179 3844 tas
201 3782 233 3845 et
256 3779 425 3843 notandam
448 3799 514 3844 esse
538 3780 705 3844 socordiam
734 3782 799 3844 eius
823 3782 875 3863 qui
898 3781 1092 3863 neglegenter
1113 3783 1182 3846 illas
1206 3783 1338 3848 scidulas

132 3888 165 3949 iu
185 3905 284 3949 unam
307 3885 475 3949 orationem
498 3887 658 3967 collegerit.
706 3885 766 3950 Sed
796 3888 872 3951 mihi
902 3889 934 3952 iu
963 3889 1061 3953 verbis
1093 3890 1131 3952 ab
1160 3890 1212 3953 illo
1235 3891 1338 3954 allatis

132 4011 253 4074 prorsus
276 3992 354 4054 nihil
375 3991 495 4056 ridetur
517 3992 616 4056 inesse
640 4011 699 4075 quo
722 3993 847 4057 diversis
870 3995 1055 4076 temporibus
1079 4014 1115 4060 ea
1135 4014 1201 4059 esse
1224 3996 1337 4078 scripta

131 4099 259 4162 eluceat.
306 4096 367 4160 Suo
391 4097 514 4179 quidem
537 4099 601 4162 iure
623 4099 673 4163 ille
694 4100 849 4163 contendit
870 4102 888 4183 ξ
913 4101 972 4163 151
998 4104 1029 4165 ε1
1052 4102 1114 4165 215
1138 4121 1207 4166 eam
1227 4102 1338 4166 hahere

220 4344 240 4412 ¹)
259 4341 289 4396 L.
308 4341 325 4396 l.
345 4359 370 4410 p.
389 4341 424 4395 24
442 4344 468 4395 et
486 4343 527 4398 26.
